%% INTRODUCTION %% 

@article{secundo2017intellectual,
  title={An Intellectual Capital framework to measure universities' third mission activities},
  author={Secundo, Giustina and Perez, Susana Elena and Martinaitis, {\v{Z}}ilvinas and Leitner, Karl Heinz},
  journal={Technological Forecasting and Social Change},
  volume={123},
  pages={229--239},
  year={2017},
  publisher={Elsevier}
}

@article{powell2004knowledge,
  title={The knowledge economy},
  author={Powell, Walter W and Snellman, Kaisa},
  journal={Annual review of sociology},
  pages={199--220},
  year={2004},
  publisher={JSTOR}
}

@book{world2007building,
  title={Building knowledge economies: Advanced strategies for development},
  author={World Bank},
  year={2007},
  publisher={The World Bank}
}

@article{rosenberg1974science,
  title={Science, invention and economic growth},
  author={Rosenberg, Nathan},
  journal={The Economic Journal},
  volume={84},
  number={333},
  pages={90--108},
  year={1974},
  publisher={JSTOR}
}

@article{caliari2021knowledge,
  title={Knowledge production and economic development: Empirical evidences},
  author={Caliari, Thiago and Chiarini, Tulio},
  journal={Journal of the Knowledge Economy},
  volume={12},
  number={2},
  pages={1--22},
  year={2021},
  publisher={Springer}
}

@article{bassanini2002growth,
  title={Growth, technological change, and ICT diffusion: recent evidence from OECD countries},
  author={Bassanini, Andrea and Scarpetta, Stefano},
  journal={Oxford Review of Economic Policy},
  volume={18},
  number={3},
  pages={324--344},
  year={2002},
  publisher={Oxford University Press}
}

@article{meusburger2013relations,
  title={Relations between knowledge and economic development: Some methodological considerations},
  author={Meusburger, Peter},
  journal={Knowledge and the economy},
  pages={15--42},
  year={2013},
  publisher={Springer}
}

@article{bolisani2018elusive,
  title={The elusive definition of knowledge},
  author={Bolisani, Ettore and Bratianu, Constantin and Bolisani, Ettore and Bratianu, Constantin},
  journal={Emergent knowledge strategies: Strategic thinking in knowledge management},
  pages={1--22},
  year={2018},
  publisher={Springer}
}

@article{compagnucci2020third,
  title={The Third Mission of the university: A systematic literature review on potentials and constraints},
  author={Compagnucci, Lorenzo and Spigarelli, Francesca},
  journal={Technological Forecasting and Social Change},
  volume={161},
  pages={120284},
  year={2020},
  publisher={Elsevier}
}

@article{zomer2011rise,
  title={The rise of the university’s third mission},
  author={Zomer, Arend and Benneworth, Paul},
  journal={Reform of higher education in Europe},
  pages={81--101},
  year={2011},
  publisher={Springer}
}

@article{nonaka2006organizational,
  title={Organizational knowledge creation theory: Evolutionary paths and future advances},
  author={Nonaka, Ikujiro and Von Krogh, Georg and Voelpel, Sven},
  journal={Organization studies},
  volume={27},
  number={8},
  pages={1179--1208},
  year={2006},
  publisher={Sage Publications London, Thousand Oaks, CA \& New Delhi}
}

@book{geuna2015global,
  title={Global mobility of research scientists: The economics of who goes where and why},
  author={Geuna, Aldo},
  year={2015},
  publisher={Academic Press}
}

@article{wagner2017growth,
  title={Growth of international collaboration in science: revisiting six specialties},
  author={Wagner, Caroline S and Whetsell, Travis A and Leydesdorff, Loet},
  journal={Scientometrics},
  volume={110},
  pages={1633--1652},
  year={2017},
  publisher={Springer}
}

@article{adams2012rise,
  title={The rise of research networks},
  author={Adams, Jonathan},
  journal={Nature},
  volume={490},
  number={7420},
  pages={335--336},
  year={2012},
  publisher={Nature Publishing Group UK London}
}

@article{priem2022openalex,
  title={OpenAlex: A fully-open index of scholarly works, authors, venues, institutions, and concepts},
  author={Priem, Jason and Piwowar, Heather and Orr, Richard},
  journal={arXiv preprint arXiv:2205.01833},
  year={2022}
}

@article{kuld2018rise,
  title={Rise of multi-authored papers in economics: Demise of the ‘lone star’and why?},
  author={Kuld, Lukas and O’Hagan, John},
  journal={Scientometrics},
  volume={114},
  number={3},
  pages={1207--1225},
  year={2018},
  publisher={Springer}
}

@article{boudreau2016looking,
  title={Looking across and looking beyond the knowledge frontier: Intellectual distance, novelty, and resource allocation in science},
  author={Boudreau, Kevin J and Guinan, Eva C and Lakhani, Karim R and Riedl, Christoph},
  journal={Management science},
  volume={62},
  number={10},
  pages={2765--2783},
  year={2016},
  publisher={INFORMS}
}

@article{boschma2005proximity,
  title={Proximity and innovation: a critical assessment},
  author={Boschma, Ron},
  journal={Regional studies},
  volume={39},
  number={1},
  pages={61--74},
  year={2005},
  publisher={Taylor \& Francis}
}

@article{dosso2023towards,
  title={Towards regional scientific integration in Africa? Evidence from co-publications},
  author={Dosso, Mafini and Cassi, Lorenzo and Mescheba, Wilfriedo},
  journal={Research Policy},
  volume={52},
  number={1},
  pages={104630},
  year={2023},
  publisher={Elsevier}
}

@article{hu2020mapping,
  title={Mapping research collaborations in different countries and regions: 1980--2019},
  author={Hu, Zhigang and Tian, Wencan and Guo, Jiacheng and Wang, Xianwen},
  journal={Scientometrics},
  volume={124},
  pages={729--745},
  year={2020},
  publisher={Springer}
}

@article{kim2017over,
  title={Over-time measurement of triadic closure in coauthorship networks},
  author={Kim, Jinseok and Diesner, Jana},
  journal={Social Network Analysis and Mining},
  volume={7},
  pages={1--12},
  year={2017},
  publisher={Springer}
}

@article{wedell2022center,
  title={Center--periphery structure in research communities},
  author={Wedell, Eleanor and Park, Minhyuk and Korobskiy, Dmitriy and Warnow, Tandy and Chacko, George},
  journal={Quantitative Science Studies},
  volume={3},
  number={1},
  pages={289--314},
  year={2022},
  publisher={MIT Press One Broadway, 12th Floor, Cambridge, Massachusetts 02142, USA~…}
}

@article{ankrah2015universities,
  title={Universities--industry collaboration: A systematic review},
  author={Ankrah, Samuel and Omar, AL-Tabbaa},
  journal={Scandinavian Journal of Management},
  volume={31},
  number={3},
  pages={387--408},
  year={2015},
  publisher={Elsevier}
}

@article{runco2012standard,
  title={The standard definition of creativity},
  author={Runco, Mark A and Jaeger, Garrett J},
  journal={Creativity research journal},
  volume={24},
  number={1},
  pages={92--96},
  year={2012},
  publisher={Taylor \& Francis}
}

@book{sugimoto2018measuring,
  title={Measuring research: what everyone needs to know},
  author={Sugimoto, Cassidy R and Larivière, Vincent},
  year={2018},
  publisher={Oxford University Press}
}

@article{pritchard1969statistical,
  title={Statistical bibliography or bibliometrics},
  author={Pritchard, Alan and others},
  journal={Journal of documentation},
  volume={25},
  number={4},
  pages={348--349},
  year={1969},
  publisher={New York}
}

@book{otlet1990traite,
  title={Traite de documentation: le livre sur le livre, theeorie et pratique},
  author={Otlet, Paul},
  year={1990},
  publisher={Editiones mundaneum}
}

@incollection{flexner2017usefulness,
  title={The usefulness of useless knowledge},
  author={Flexner, Abraham},
  booktitle={The Usefulness of Useless Knowledge},
  year={2017},
  publisher={Princeton University Press}
}

@article{arnott2020co,
  title={Co-producing science for sustainability: can funding change knowledge use?},
  author={Arnott, James C and Neuenfeldt, Rachel J and Lemos, Maria Carmen},
  journal={Global Environmental Change},
  volume={60},
  pages={101979},
  year={2020},
  publisher={Elsevier}
}


%%%%%%%%%%%%%%%%%%%%%%%%%%%%%%%%%%%%%%%%%%%%%%%%%%%%%%%%%%%%%%%%%%%%%%%%%%%%%%%%%%%%%%%%%%%%%%%%%%%%%%%%%%%%%%%%%%%%%%%%%%%%%%%%%%%%%%%%%%%%%%%%%%%%%%%%%%%%%%%%%%%%%%%%%%%%%%%%%%%%%%%%%%%%%%%%%%%%%%%%%%%%%%%%%%%%%%%%%%%%%%%%%%%%%%%%%%%%%%%%%%%%%%%%%%%%%%%%%%%%%%%%%%%%%% 

%% Chap1 %% 

@article{adams2013fourth,
  title={The fourth age of research},
  author={Adams, Jonathan},
  journal={Nature},
  volume={497},
  number={7451},
  pages={557--560},
  year={2013},
  publisher={Nature Publishing Group UK London}
}

@article{abdi2010jackknife,
  title={``Jackknife''},
  author= {Abdi, H., Williams, L.J.},
  journal={Encyclopedia of Research Design},
  volume={497},
  number={},
  pages={655-660},
  year={2013},
  publisher={Thousand Oaks, CA, SAGE Publications Inc.}
}

@article{allik2020factors,
  title={Factors predicting the scientific wealth of nations},
  author={Allik, J{\"u}ri and Lauk, Kalmer and Realo, Anu},
  journal={Cross-Cultural Research},
  volume={54},
  number={4},
  pages={364--397},
  year={2020},
  publisher={SAGE Publications Sage CA: Los Angeles, CA}
}

@article{aviv2021publication,
  title={Publication patterns’ changes due to the COVID-19 pandemic: a longitudinal and short-term scientometric analysis},
  author={Aviv-Reuven, Shir and Rosenfeld, Ariel},
  journal={Scientometrics},
  volume={126},
  number={8},
  pages={6761--6784},
  year={2021},
  publisher={Springer}
}

@article{beaver1978studies,
  title={Studies in scientific collaboration: Part I. The professional origins of scientific co-authorship},
  author={Beaver, Donald and Rosen, Richard},
  journal={Scientometrics},
  volume={1},
  number={1},
  pages={65--84},
  year={1978},
  publisher={Akad{\'e}miai Kiad{\'o}, co-published with Springer Science+ Business Media BV~…}
}

@article{beaver1979studies,
  title={Studies in scientific collaboration Part III. Professionalization and the natural history of modern scientific co-authorship},
  author={Beaver, Donald and Rosen, Richard},
  journal={Scientometrics},
  volume={1},
  number={3},
  pages={231--245},
  year={1979},
  publisher={Akad{\'e}miai Kiad{\'o}, co-published with Springer Science+ Business Media BV~…}
}

@article{bell2021gender,
  title={Gender differences in first and corresponding authorship in public health research submissions during the COVID-19 pandemic},
  author={Bell, Michelle L and Fong, Kelvin C},
  journal={American Journal of Public Health},
  volume={111},
  number={1},
  pages={159--163},
  year={2021},
  publisher={American Public Health Association}
}

@article{ben1971scientist,
  title={The scientist's role in society: A comparative study},
  author={Ben-David, Joseph},
  year={1971}
}

@article{blondel2008fast,
  title={Fast unfolding of communities in large networks},
  author={Blondel, Vincent D and Guillaume, Jean-Loup and Lambiotte, Renaud and Lefebvre, Etienne},
  journal={Journal of statistical mechanics: theory and experiment},
  volume={2008},
  number={10},
  pages={P10008},
  year={2008},
  publisher={IOP Publishing}
}

@article{braun1996international,
  title={International collaboration: Will it be keeping alive East European research?},
  author={Braun, Tibor and Gl{\"a}nzel, Wolfgang},
  journal={Scientometrics},
  volume={36},
  number={2},
  pages={247--254},
  year={1996},
  publisher={Akad{\'e}miai Kiad{\'o}, co-published with Springer Science+ Business Media BV~…}
}

@book{cameron2005microeconometrics,
  title={Microeconometrics: methods and applications},
  author={Cameron, A Colin and Trivedi, Pravin K},
  year={2005},
  publisher={Cambridge university press}
}

@article{cai2021international,
  title={International collaboration during the COVID-19 crisis: autumn 2020 developments},
  author={Cai, Xiaojing and Fry, Caroline V and Wagner, Caroline S},
  journal={Scientometrics},
  volume={126},
  number={4},
  pages={3683--3692},
  year={2021},
  publisher={Springer}
}

@article{cantner2014international,
  title={International research networks in pharmaceuticals: Structure and dynamics},
  author={Cantner, Uwe and Rake, Bastian},
  journal={Research Policy},
  volume={43},
  number={2},
  pages={333--348},
  year={2014},
  publisher={Elsevier}
}

@article{chahrour2020bibliometric,
  title={A bibliometric analysis of COVID-19 research activity: a call for increased output},
  author={Chahrour, Mohamad and Assi, Sahar and Bejjani, Michael and Nasrallah, Ali A and Salhab, Hamza and Fares, Mohamad and Khachfe, Hussein H and Salhab, Hamza A and Fares, Mohamad Y},
  journal={Cureus},
  volume={12},
  number={3},
  year={2020},
  publisher={Cureus}
}

@article{dekker2007sensitivity,
  title={Sensitivity of MRQAP tests to collinearity and autocorrelation conditions},
  author={Dekker, David and Krackhardt, David and Snijders, Tom AB},
  journal={Psychometrika},
  volume={72},
  pages={563--581},
  year={2007},
  publisher={Springer}
}

@article{dong2020interactive,
  title={An interactive web-based dashboard to track COVID-19 in real time},
  author={Dong, Ensheng and Du, Hongru and Gardner, Lauren},
  journal={The Lancet infectious diseases},
  volume={20},
  number={5},
  pages={533--534},
  year={2020},
  publisher={Elsevier}
}

@misc{ECOECD2021,
  author = {{EC-OECD}},
  title = {{STIP Compass: International Database on Science, Technology and Innovation Policy (STIP)}},
  howpublished = {{[Online]. Available: \url{https://stip.oecd.org}}},
  year = {2021},
  note = {Edition May 28, 2021}
}

@article{eidsaa2013s,
  title={S-core network decomposition: A generalization of k-core analysis to weighted networks},
  author={Eidsaa, Marius and Almaas, Eivind},
  journal={Physical Review E},
  volume={88},
  number={6},
  pages={062819},
  year={2013},
  publisher={APS}
}

@article{emond2002new,
  title={A new rank correlation coefficient with application to the consensus ranking problem},
  author={Emond, Edward J and Mason, David W},
  journal={Journal of Multi-Criteria Decision Analysis},
  volume={11},
  number={1},
  pages={17--28},
  year={2002},
  publisher={Wiley Online Library}
}

@article{feenstra2015next,
  title={The next generation of the Penn World Table},
  author={Feenstra, Robert C and Inklaar, Robert and Timmer, Marcel P},
  journal={American economic review},
  volume={105},
  number={10},
  pages={3150--3182},
  year={2015},
  publisher={American Economic Association 2014 Broadway, Suite 305, Nashville, TN 37203}
}

@article{fitzgerald2021academia,
  title={Is academia becoming more localised? The growth of regional knowledge networks within international research collaboration},
  author={Fitzgerald, John and Ojanper{\"a}, Sanna and O’Clery, Neave},
  journal={Applied Network Science},
  volume={6},
  number={1},
  pages={1--27},
  year={2021},
  publisher={Springer}
}

@article{davidson1979international,
  title={International research collaboration},
  author={Davidson Frame, J and Carpenter, Mark P},
  journal={Social studies of science},
  volume={9},
  number={4},
  pages={481--497},
  year={1979},
  publisher={Sage Publications Sage CA: Thousand Oaks, CA}
}

@article{davidson1977distribution,
  title={The distribution of world science},
  author={Davidson Frame, J and Narin, Francis and Carpenter, Mark P},
  journal={Social studies of science},
  volume={7},
  number={4},
  pages={501--516},
  year={1977},
  publisher={Sage Publications Sage CA: Thousand Oaks, CA}
}

@article{frenken2009spatial,
  title={Spatial scientometrics: Towards a cumulative research program},
  author={Frenken, Koen and Hardeman, Sjoerd and Hoekman, Jarno},
  journal={Journal of informetrics},
  volume={3},
  number={3},
  pages={222--232},
  year={2009},
  publisher={Elsevier}
}

@article{friedmann1967general,
  title={A general theory of polarized development},
  author={Friedmann, John},
  year={1967},
  publisher={ILPES}
}

@article{fry2020consolidation,
  title={Consolidation in a crisis: Patterns of international collaboration in early COVID-19 research},
  author={Fry, Caroline V and Cai, Xiaojing and Zhang, Yi and Wagner, Caroline S},
  journal={PloS one},
  volume={15},
  number={7},
  pages={e0236307},
  year={2020},
  publisher={Public Library of Science}
}

@article{gai2021general,
  title={General medical publications during COVID-19 show increased dissemination despite lower validation},
  author={Gai, Nan and Aoyama, Kazuyoshi and Faraoni, David and Goldenberg, Neil M and Levin, David N and Maynes, Jason T and McVey, Mark J and Munshey, Farrukh and Siddiqui, Asad and Switzer, Timothy and others},
  journal={Plos one},
  volume={16},
  number={2},
  pages={e0246427},
  year={2021},
  publisher={Public Library of Science San Francisco, CA USA}
}

@article{gazni2012mapping,
  title={Mapping world scientific collaboration: Authors, institutions, and countries},
  author={Gazni, Ali and Sugimoto, Cassidy R and Didegah, Fereshteh},
  journal={Journal of the American Society for Information Science and Technology},
  volume={63},
  number={2},
  pages={323--335},
  year={2012},
  publisher={Wiley Online Library}
}

@article{glanzel2001national,
  title={National characteristics in international scientific co-authorship relations},
  author={Gl{\"a}nzel, Wolfgang},
  journal={Scientometrics},
  volume={51},
  number={1},
  pages={69--115},
  year={2001},
  publisher={Akad{\'e}miai Kiad{\'o}, co-published with Springer Science+ Business Media BV~…}
}

@article{gui2018international,
  title={International knowledge flows and the role of proximity},
  author={Gui, Qinchang and Liu, Chengliang and Du, Debin},
  journal={Growth and Change},
  volume={49},
  number={3},
  pages={532--547},
  year={2018},
  publisher={Wiley Online Library}
}

@article{guleid2021bibliometric,
  title={A bibliometric analysis of COVID-19 research in Africa},
  author={Guleid, Fatuma Hassan and Oyando, Robinson and Kabia, Evelyn and Mumbi, Audrey and Akech, Samuel and Barasa, Edwine},
  journal={BMJ Global Health},
  volume={6},
  number={5},
  pages={e005690},
  year={2021},
  publisher={BMJ Specialist Journals}
}

@article{haghani2020covid,
  title={Covid-19 pandemic and the unprecedented mobilisation of scholarly efforts prompted by a health crisis: Scientometric comparisons across SARS, MERS and 2019-nCoV literature},
  author={Haghani, Milad and Bliemer, Michiel CJ},
  journal={Scientometrics},
  volume={125},
  pages={2695--2726},
  year={2020},
  publisher={Springer}
}

@article{hale2021global,
  title={A global panel database of pandemic policies (Oxford COVID-19 Government Response Tracker)},
  author={Hale, Thomas and Angrist, Noam and Goldszmidt, Rafael and Kira, Beatriz and Petherick, Anna and Phillips, Toby and Webster, Samuel and Cameron-Blake, Emily and Hallas, Laura and Majumdar, Saptarshi and others},
  journal={Nature human behaviour},
  volume={5},
  number={4},
  pages={529--538},
  year={2021},
  publisher={Nature Publishing Group UK London}
}

@article{hancean2021coauthorship,
  title={The coauthorship networks of the most productive European researchers},
  author={H{\^a}ncean, Marian-Gabriel and Perc, Matja{\v{z}} and Lerner, J{\"u}rgen},
  journal={Scientometrics},
  volume={126},
  number={1},
  pages={201--224},
  year={2021},
  publisher={Springer}
}

@article{hoekman2009geography,
  title={The geography of collaborative knowledge production in Europe},
  author={Hoekman, Jarno and Frenken, Koen and Van Oort, Frank},
  journal={The annals of regional science},
  volume={43},
  pages={721--738},
  year={2009},
  publisher={Springer}
}

@article{homolak2020preliminary,
  title={Preliminary analysis of COVID-19 academic information patterns: a call for open science in the times of closed borders},
  author={Homolak, Jan and Kodvanj, Ivan and Virag, Davor},
  journal={Scientometrics},
  volume={124},
  pages={2687--2701},
  year={2020},
  publisher={Springer}
}

@inproceedings{horlings2011convergence,
  title={Convergence in science: Growth and structure of worldwide scientific output, 1993--2008},
  author={Horlings, Edwin and Van den Besselaar, Peter},
  booktitle={2011 Atlanta conference on science and innovation policy},
  pages={1--19},
  year={2011},
  organization={IEEE}
}

@article{jones2008multi,
  title={Multi-university research teams: Shifting impact, geography, and stratification in science},
  author={Jones, Benjamin F and Wuchty, Stefan and Uzzi, Brian},
  journal={science},
  volume={322},
  number={5905},
  pages={1259--1262},
  year={2008},
  publisher={American Association for the Advancement of Science}
}

@article{jonkers2008chinese,
  title={Chinese researchers returning home: Impacts of international mobility on research collaboration and scientific productivity},
  author={Jonkers, Koen and Tijssen, Robert},
  journal={Scientometrics},
  volume={77},
  pages={309--333},
  year={2008},
  publisher={Springer}
}

@article{kato2017national,
  title={National ties of international scientific collaboration and researcher mobility found in Nature and Science},
  author={Kato, Maki and Ando, Asao},
  journal={Scientometrics},
  volume={110},
  pages={673--694},
  year={2017},
  publisher={Springer}
}

@article{katz2000scale,
  title={Scale-independent indicators and research evaluation},
  author={Katz, J Sylvan},
  journal={Science and Public Policy},
  volume={27},
  number={1},
  pages={23--36},
  year={2000},
  publisher={Beech Tree Publishing}
}

@article{katz1997research,
  title={What is research collaboration?},
  author={Katz, J Sylvan and Martin, Ben R},
  journal={Research policy},
  volume={26},
  number={1},
  pages={1--18},
  year={1997},
  publisher={Elsevier}
}

@article{king2004scientific,
  title={The scientific impact of nations},
  author={King, David A},
  journal={Nature},
  volume={430},
  number={6997},
  pages={311--316},
  year={2004},
  publisher={Nature Publishing Group UK London}
}

@article{kinsella2020preparedness,
  title={Preparedness needs research: How fundamental science and international collaboration accelerated the response to COVID-19},
  author={Kinsella, Cormac M and Santos, Pauline Dianne and Postigo-Hidalgo, Ignacio and Folgueiras-Gonzalez, Alba and Passchier, Tim Casper and Szillat, Kevin P and Akello, Joyce Odeke and Alvarez-Rodriguez, Beatriz and Marti-Carreras, Joan},
  journal={PLoS pathogens},
  volume={16},
  number={10},
  pages={e1008902},
  year={2020},
  publisher={Public Library of Science San Francisco, CA USA}
}

@article{konig2014nestedness,
  title={Nestedness in networks: A theoretical model and some applications},
  author={K{\"o}nig, Michael D and Tessone, Claudio J and Zenou, Yves},
  journal={Theoretical Economics},
  volume={9},
  number={3},
  pages={695--752},
  year={2014},
  publisher={Wiley Online Library}
}

@article{krackardt1987qap,
  title={QAP partialling as a test of spuriousness},
  author={Krackardt, David},
  journal={Social networks},
  volume={9},
  number={2},
  pages={171--186},
  year={1987},
  publisher={Elsevier}
}

@article{kuznets1973modern,
  title={Modern economic growth: findings and reflections},
  author={Kuznets, Simon},
  journal={The American economic review},
  volume={63},
  number={3},
  pages={247--258},
  year={1973},
  publisher={JSTOR}
}

@article{lancichinetti2011finding,
  title={Finding statistically significant communities in networks},
  author={Lancichinetti, Andrea and Radicchi, Filippo and Ramasco, Jos{\'e} J and Fortunato, Santo},
  journal={PloS one},
  volume={6},
  number={4},
  pages={e18961},
  year={2011},
  publisher={Public Library of Science San Francisco, USA}
}

@article{lee2021scientific,
  title={Scientific globalism during a global crisis: research collaboration and open access publications on COVID-19},
  author={Lee, Jenny J and Haupt, John P},
  journal={Higher Education},
  volume={81},
  pages={949--966},
  year={2021},
  publisher={Springer}
}

@inproceedings{lee2020strategy,
  title={A strategy for international cooperation in the COVID-19 pandemic era: Focusing on national scientific funding data},
  author={Lee, Doyeon and Heo, Yoseob and Kim, Keunhwan},
  booktitle={Healthcare},
  volume={8},
  number={3},
  pages={204},
  year={2020},
  organization={MDPI}
}

@article{liu2021can,
  title={Can pandemics transform scientific novelty? Evidence from COVID-19},
  author={Liu, Meijun and Bu, Yi and Chen, Chongyan and Xu, Jian and Li, Daifeng and Leng, Yan and Freeman, Richard Barry and Meyer, Eric and Yoon, Wonjin and Sung, Mujeen and others},
  year={2021}
}

@article{lu2020genomic,
  title={Genomic characterisation and epidemiology of 2019 novel coronavirus: implications for virus origins and receptor binding},
  author={Lu, Roujian and Zhao, Xiang and Li, Juan and Niu, Peihua and Yang, Bo and Wu, Honglong and Wang, Wenling and Song, Hao and Huang, Baoying and Zhu, Na and others},
  journal={The lancet},
  volume={395},
  number={10224},
  pages={565--574},
  year={2020},
  publisher={Elsevier}
}

@article{luukkonen1992understanding,
  title={Understanding patterns of international scientific collaboration},
  author={Luukkonen, Terttu and Persson, Olle and Sivertsen, Gunnar},
  journal={Science, Technology, \& Human Values},
  volume={17},
  number={1},
  pages={101--126},
  year={1992},
  publisher={Sage Publications Sage CA: Thousand Oaks, CA}
}

@article{may1997scientific,
  title={The scientific wealth of nations},
  author={May, Robert M},
  journal={Science},
  volume={275},
  number={5301},
  pages={793--796},
  year={1997},
  publisher={American Association for the Advancement of Science}
}

@article{mendes2020shifting,
  title={Shifting geographies of knowledge production: The coronavirus effect},
  author={Mendes, Thiago and Carvalho, Lu{\'\i}s},
  journal={Tijdschrift voor economische en sociale geografie},
  volume={111},
  number={3},
  pages={205--210},
  year={2020},
  publisher={Wiley Online Library}
}

@article{melkers2010social,
  title={The social capital of global ties in science: The added value of international collaboration},
  author={Melkers, Julia and Kiopa, Agrita},
  journal={Review of Policy Research},
  volume={27},
  number={4},
  pages={389--414},
  year={2010},
  publisher={Wiley Online Library}
}

@article{Mervis2021,
  author = {Mervis, Jeffrey},
  title = {Biden, Congress roll out big plans to expand National Science Foundation},
  journal = {Sciencemag},
  year = {2021},
  volume = {Science and Policy},
  doi = {10.1126/science.abi8778}
}

@article{newman2004analysis,
  title={Analysis of weighted networks},
  author={Newman, Mark EJ},
  journal={Physical review E},
  volume={70},
  number={5},
  pages={056131},
  year={2004},
  publisher={APS}
}

@article{niu2014network,
  title={Network structure, distribution and the growth of Chinese international research collaboration},
  author={Niu, Fenggao and Qiu, Junping},
  journal={Scientometrics},
  volume={98},
  pages={1221--1233},
  year={2014},
  publisher={Springer}
}

@article{palayew2020pandemic,
  title={Pandemic publishing poses a new COVID-19 challenge},
  author={Palayew, Adam and Norgaard, Ole and Safreed-Harmon, Kelly and Andersen, Tue Helms and Rasmussen, Lauge Neimann and Lazarus, Jeffrey V},
  journal={Nature Human Behaviour},
  volume={4},
  number={7},
  pages={666--669},
  year={2020},
  publisher={Nature Publishing Group UK London}
}

@article{pan2012world,
  title={World citation and collaboration networks: uncovering the role of geography in science},
  author={Pan, Raj Kumar and Kaski, Kimmo and Fortunato, Santo},
  journal={Scientific reports},
  volume={2},
  number={1},
  pages={1--7},
  year={2012},
  publisher={Springer}
}

@article{pavitt1991makes,
  title={What makes basic research economically useful?},
  author={Pavitt, Keith},
  journal={Research policy},
  volume={20},
  number={2},
  pages={109--119},
  year={1991},
  publisher={Elsevier}
}

@article{ponds2009limits,
  title={The limits to internationalization of scientific research collaboration},
  author={Ponds, Roderik},
  journal={The Journal of Technology Transfer},
  volume={34},
  pages={76--94},
  year={2009},
  publisher={Springer}
}

@inproceedings{quan2018china,
  title={China’s increasing leadership in scientific collaboration},
  author={Quan, Wei and Mongeon, Philippe and Larivi{\`e}re, Vincent},
  booktitle={STI 2018 Conference Proceedings},
  pages={1416--1423},
  year={2018},
  organization={Centre for Science and Technology Studies (CWTS)}
}

@article{radanliev2020country,
  title={What country, university or research institute, performed the best on COVID-19? Bibliometric analysis of scientific literature},
  author={Radanliev, Petar and De Roure, David and Walton, Rob and Van Kleek, Max and Santos, Omar and Maddox, La Treall},
  journal={arXiv preprint arXiv:2005.10082},
  year={2020}
}

@article{reichardt2006statistical,
  title={Statistical mechanics of community detection},
  author={Reichardt, J{\"o}rg and Bornholdt, Stefan},
  journal={Physical review E},
  volume={74},
  number={1},
  pages={016110},
  year={2006},
  publisher={APS}
}

@misc{remmel2021us,
  title={US NATIONAL SCIENCE FOUNDATION SET FOR A FUNDING BOOM},
  author={Remmel, Ariana},
  year={2021},
  publisher={NATURE RESEARCH HEIDELBERGER PLATZ 3, BERLIN, 14197, GERMANY}
}

@article{schot2018three,
  title={Three frames for innovation policy: R\&D, systems of innovation and transformative change},
  author={Schot, Johan and Steinmueller, W Edward},
  journal={Research policy},
  volume={47},
  number={9},
  pages={1554--1567},
  year={2018},
  publisher={Elsevier}
}

@article{stephan2010economics,
  title={The economics of science-funding for research},
  author={Stephan, Paula E},
  journal={International Centre for Economic Research Working Paper},
  number={12},
  year={2010}
}

@article{stephan2001exceptional,
  title={Exceptional contributions to US science by the foreign-born and foreign-educated},
  author={Stephan, Paula E and Levin, Sharon G},
  journal={Population research and Policy review},
  volume={20},
  pages={59--79},
  year={2001},
  publisher={Springer}
}

@article{wagner2017growth,
  title={Growth of international collaboration in science: revisiting six specialties},
  author={Wagner, Caroline S and Whetsell, Travis A and Leydesdorff, Loet},
  journal={Scientometrics},
  volume={110},
  pages={1633--1652},
  year={2017},
  publisher={Springer}
}

@article{wang2017sets,
  title={Who sets up the bridge? Tracking scientific collaborations between China and the European Union},
  author={Wang, Lili and Wang, Xianwen},
  journal={Research Evaluation},
  volume={26},
  number={2},
  pages={124--131},
  year={2017},
  publisher={Oxford University Press}
}

@article{wagner2005network,
  title={Network structure, self-organization, and the growth of international collaboration in science},
  author={Wagner, Caroline S and Leydesdorff, Loet},
  journal={Research policy},
  volume={34},
  number={10},
  pages={1608--1618},
  year={2005},
  publisher={Elsevier}
}

@article{wagner2019international,
  title={International research collaboration: Novelty, conventionality, and atypicality in knowledge recombination},
  author={Wagner, Caroline S and Whetsell, Travis A and Mukherjee, Satyam},
  journal={Research Policy},
  volume={48},
  number={5},
  pages={1260--1270},
  year={2019},
  publisher={Elsevier}
}

@article{yonezawa2011internationalization,
  title={The internationalization of Japanese higher education: Policy debates and realities},
  author={Yonezawa, Akiyoshi},
  journal={Higher education in the Asia-Pacific: Strategic responses to globalization},
  pages={329--342},
  year={2011},
  publisher={Springer}
}

@article{zhang2020scientific,
  title={How scientific research reacts to international public health emergencies: a global analysis of response patterns},
  author={Zhang, Lin and Zhao, Wenjing and Sun, Beibei and Huang, Ying and Gl{\"a}nzel, Wolfgang},
  journal={Scientometrics},
  volume={124},
  pages={747--773},
  year={2020},
  publisher={Springer}
}

@article{zhu2020comparing,
  title={Comparing like with like: China ranks first in SCI-indexed research articles since 2018},
  author={Zhu, Junwen and Liu, Weishu},
  journal={Scientometrics},
  volume={124},
  number={2},
  pages={1691--1700},
  year={2020},
  publisher={Springer}
}

@article{zitt2000shadows,
  title={Shadows of the past in international cooperation: Collaboration profiles of the top five producers of science},
  author={Zitt, Michel and Bassecoulard, Elise and Okubo, Yoshiko},
  journal={Scientometrics},
  volume={47},
  number={3},
  pages={627--657},
  year={2000},
  publisher={Akad{\'e}miai Kiad{\'o}, co-published with Springer Science+ Business Media BV~…}
}

@misc{zucker1994intellectual,
  title={Intellectual capital and the birth of US biotechnology enterprises},
  author={Zucker, Lynne G and Darby, Michael R and Brewer, Marilynn B},
  year={1994},
  publisher={National Bureau of Economic Research Cambridge, Mass., USA}
}


%%%%%%%%%%%%%%%%%%%%%%%%%%%%%%%%%%%%%%%%%%%%%%%%%%%%%%%%%%%%%%%%%%%%%%%%%%%%%%%%%%%%%%%%%%%%%%%%%%%%%%%%%%%%%%%%%%%%%%%%%%%%%%%%%%%%%%%%%%%%%%%%%%%%%%%%%%%%%%%%%%%%%%%%%%%%%%%%%%%%%%%%%%%%%%%%%%%%%%%%%%%%%%%%%%%%%%%%%%%%%%%%%%%%%%%%%%%%%%%%%%%%%%%%%%%%%%%%%%%%%%%%%%%%%% 

%% Chap2%%

@article{pruschak2022and,
  title={And the credit goes to…-Ghost and honorary authorship among social scientists},
  author={Pruschak, Gernot and Hopp, Christian},
  journal={Plos One},
  volume={17},
  number={5},
  pages={e0267312},
  year={2022},
  publisher={Public Library of Science San Francisco, CA USA}
}

@article{ayoubi2017origins,
  title={At the origins of learning: Absorbing knowledge flows from within the team},
  author={Ayoubi, Charles and Pezzoni, Michele and Visentin, Fabiana},
  journal={Journal of Economic Behavior \& Organization},
  volume={134},
  pages={374--387},
  year={2017},
  publisher={Elsevier}
}


@book{kuhn1962structure,
  title={The structure of scientific revolutions},
  author={Kuhn, Thomas S},
  year={1962},
  publisher={University of Chicago press}
}

@book{xie2012american,
  title={Is American science in decline?},
  author={Xie, Yu and Killewald, Alexandra A},
  year={2012},
  publisher={Harvard University Press}
}


@article{fleming2001recombinant,
  title={Recombinant uncertainty in technological search},
  author={Fleming, Lee},
  journal={Management Science},
  volume={47},
  number={1},
  pages={117--132},
  year={2001},
  publisher={INFORMS}
}

@book{ghiselin1985creative,
  title={The creative process: Reflections on the invention in the arts and sciences},
  author={Ghiselin, Brewster},
  year={1985},
  publisher={Univ of California Press}
}

@article{winter1982evolutionary,
  title={An evolutionary theory of economic change},
  author={Winter, Sidney G and Nelson, Richard R},
  journal={University of Illinois at Urbana-Champaign's Academy for Entrepreneurial Leadership Historical Research Reference in Entrepreneurship},
  year={1982}
}

@book{nelson1985evolutionary,
  title={An evolutionary theory of economic change},
  author={Nelson, Richard R},
  year={1985},
  publisher={harvard university press}
}
@techreport{ayoubi2016origins,
  title={At the Origins of Learning: Absorbing Knowledge Flows from Within or Outside the Team?},
  author={Ayoubi, Charles and Pezzoni, Michele and Visentin, Fabiana and others},
  year={2016},
}
@techreport{amendola2014novelty,
  title={Novelty, Hysteresis, and Growth},
  author={Amendola, Mario and Gaffard, Jean-Luc and others},
  year={2014},
  institution={Observatoire Francais des Conjonctures Economiques (OFCE)}
}
@book{schumpeter1939business,
  title={Business cycles},
  author={Schumpeter, Joseph A and others},
  volume={1},
  year={1939},
  publisher={McGraw-Hill New York}
}
@book{nooteboom2000learning,
  title={Learning and innovation in organizations and economies},
  author={Nooteboom, Bart},
  year={2000},
  publisher={OUP Oxford}
}

@article{weitzman1998recombinant,
  title={Recombinant growth},
  author={Weitzman, Martin L},
  journal={The Quarterly Journal of Economics},
  volume={113},
  number={2},
  pages={331--360},
  year={1998},
  publisher={MIT Press}
}
@article{bloom2020ideas,
  title={Are ideas getting harder to find?},
  author={Bloom, Nicholas and Jones, Charles I and Van Reenen, John and Webb, Michael},
  journal={American Economic Review},
  volume={110},
  number={4},
  pages={1104--44},
  year={2020}
}

@article{march1991exploration,
  title={Exploration and exploitation in organizational learning},
  author={March, James G},
  journal={Organization science},
  volume={2},
  number={1},
  pages={71--87},
  year={1991},
  publisher={INFORMS}
}

@article{foster2015tradition,
  title={Tradition and innovation in scientists’ research strategies},
  author={Foster, Jacob G and Rzhetsky, Andrey and Evans, James A},
  journal={American Sociological Review},
  volume={80},
  number={5},
  pages={875--908},
  year={2015},
  publisher={Sage Publications Sage CA: Los Angeles, CA}
}

@article{lariviere2015long,
  title={Long-distance interdisciplinarity leads to higher scientific impact},
  author={Larivi{\`e}re, Vincent and Haustein, Stefanie and B{\"o}rner, Katy},
  journal={Plos one},
  volume={10},
  number={3},
  pages={e0122565},
  year={2015},
  publisher={Public library of science}
}
@book{fleck2012genesis,
  title={Genesis and development of a scientific fact},
  author={Fleck, Ludwik},
  year={2012},
  publisher={University of Chicago Press}
}

@article{milojevic2015quantifying,
  title={Quantifying the cognitive extent of science},
  author={Milojevi{\'c}, Sta{\v{s}}a},
  journal={Journal of Informetrics},
  volume={9},
  number={4},
  pages={962--973},
  year={2015},
  publisher={Elsevier}
}

@article{vincenti1990engineers,
  title={What engineers know and how they know it analytical studies from aeronautical History},
  author={Vincenti, Waler G},
  year={1990}
}

@article{argote1990persistence,
  title={The persistence and transfer of learning in industrial settings},
  author={Argote, Linda and Beckman, Sara L and Epple, Dennis},
  journal={Management science},
  volume={36},
  number={2},
  pages={140--154},
  year={1990},
  publisher={INFORMS}
}
@article{uzzi2013atypical,
  title={Atypical combinations and scientific impact},
  author={Uzzi, Brian and Mukherjee, Satyam and Stringer, Michael and Jones, Ben},
  journal={Science},
  volume={342},
  number={6157},
  pages={468--472},
  year={2013},
  publisher={American Association for the Advancement of Science}
}

@article{wang2017bias,
  title={Bias against novelty in science: A cautionary tale for users of bibliometric indicators},
  author={Wang, Jian and Veugelers, Reinhilde and Stephan, Paula},
  journal={Research Policy},
  volume={46},
  number={8},
  pages={1416--1436},
  year={2017},
  publisher={Elsevier}
}


@article{wagner2011approaches,
  title={Approaches to understanding and measuring interdisciplinary scientific research (IDR): A review of the literature},
  author={Wagner, Caroline S and Roessner, J David and Bobb, Kamau and Klein, Julie Thompson and Boyack, Kevin W and Keyton, Joann and Rafols, Ismael and B{\"o}rner, Katy},
  journal={Journal of informetrics},
  volume={5},
  number={1},
  pages={14--26},
  year={2011},
  publisher={Elsevier}
}
@article{wagner2019international,
  title={International research collaboration: Novelty, conventionality, and atypicality in knowledge recombination},
  author={Wagner, Caroline S and Whetsell, Travis A and Mukherjee, Satyam},
  journal={Research Policy},
  volume={48},
  number={5},
  pages={1260--1270},
  year={2019},
  publisher={Elsevier}
}

@article{fontana2020new,
  title={New and atypical combinations: An assessment of novelty and interdisciplinarity},
  author={Fontana, Magda and Iori, Martina and Montobbio, Fabio and Sinatra, Roberta},
  journal={Research Policy},
  volume={49},
  number={7},
  pages={104063},
  year={2020},
  publisher={Elsevier}
}

@article{tahamtan2018creativity,
  title={Creativity in science and the link to cited references: Is the creative potential of papers reflected in their cited references?},
  author={Tahamtan, Iman and Bornmann, Lutz},
  journal={Journal of Informetrics},
  volume={12},
  number={3},
  pages={906--930},
  year={2018},
  publisher={Elsevier}
}

@article{xu2020building,
  title={Building a PubMed knowledge graph},
  author={Xu, Jian and Kim, Sunkyu and Song, Min and Jeong, Minbyul and Kim, Donghyeon and Kang, Jaewoo and Rousseau, Justin F and Li, Xin and Xu, Weijia and Torvik, Vetle I and others},
  journal={Scientific data},
  volume={7},
  number={1},
  pages={1--15},
  year={2020},
  publisher={Nature Publishing Group}
}

@article{bornmann2013validation,
  title={The validation of (advanced) bibliometric indicators through peer assessments: A comparative study using data from InCites and F1000},
  author={Bornmann, Lutz and Leydesdorff, Loet},
  journal={Journal of informetrics},
  volume={7},
  number={2},
  pages={286--291},
  year={2013},
  publisher={Elsevier}
}


@misc{erren2017small,
  title={Small groups, open doors: Fostering individual and group creativity within research communities},
  author={Erren, Thomas C and Shaw, David M and Lewis, Philip},
  year={2017},
  publisher={Elsevier}
}

@article{yan2020impact,
  title={The impact of a paper’s new combinations and new components on its citation},
  author={Yan, Yan and Tian, Shanwu and Zhang, Jingjing},
  journal={Scientometrics},
  volume={122},
  number={2},
  pages={895--913},
  year={2020},
  publisher={Springer}
}

@article{simkin2002read,
  title={Read before you cite!},
  author={Simkin, Mikhail V and Roychowdhury, Vwani P},
  journal={arXiv preprint cond-mat/0212043},
  year={2002}
}

@article{zhu2015measuring,
  title={Measuring academic influence: Not all citations are equal},
  author={Zhu, Xiaodan and Turney, Peter and Lemire, Daniel and Vellino, Andr{\'e}},
  journal={Journal of the Association for Information Science and Technology},
  volume={66},
  number={2},
  pages={408--427},
  year={2015},
  publisher={Wiley Online Library}
}

@article{bornmann2008citation,
  title={What do citation counts measure? A review of studies on citing behavior},
  author={Bornmann, Lutz and Daniel, Hans-Dieter},
  journal={Journal of documentation},
  year={2008},
  publisher={Emerald Group Publishing Limited}
}

@article {Fortunatoeaao0185,
	author = {Fortunato, Santo and Bergstrom, Carl T. and B{\"o}rner, Katy and Evans, James A. and Helbing, Dirk and Milojevi{\'c}, Sta{\v s}a and Petersen, Alexander M. and Radicchi, Filippo and Sinatra, Roberta and Uzzi, Brian and Vespignani, Alessandro and Waltman, Ludo and Wang, Dashun and Barab{\'a}si, Albert-L{\'a}szl{\'o}},
	title = {Science of science},
	volume = {359},
	number = {6379},
	elocation-id = {eaao0185},
	year = {2018},
	doi = {10.1126/science.aao0185},
	publisher = {American Association for the Advancement of Science},
	issn = {0036-8075},
	URL = {https://science.sciencemag.org/content/359/6379/eaao0185},
	eprint = {https://science.sciencemag.org/content/359/6379/eaao0185.full.pdf},
	journal = {Science}
}


@article{carayol2019,
  title={The right job and the job right: Novelty, impact and journal stratification in science},
  author={Carayol, Nicolas and Agenor, Lahatte and Oscar, Llopis},
  journal={Impact and Journal Stratification in Science (March 5, 2019)},
  year={2019}
}

@article{fleming2001,
  title={Recombinant uncertainty in technological search},
  author={Fleming, Lee},
  journal={Management science},
  volume={47},
  number={1},
  pages={117--132},
  year={2001},
  publisher={INFORMS}
}

@article{boudreau2016looking,
  title={Looking across and looking beyond the knowledge frontier: Intellectual distance, novelty, and resource allocation in science},
  author={Boudreau, Kevin J and Guinan, Eva C and Lakhani, Karim R and Riedl, Christoph},
  journal={Management science},
  volume={62},
  number={10},
  pages={2765--2783},
  year={2016},
  publisher={INFORMS}
}
@article{trapido2015novelty,
  title={How novelty in knowledge earns recognition: The role of consistent identities},
  author={Trapido, Denis},
  journal={Research Policy},
  volume={44},
  number={8},
  pages={1488--1500},
  year={2015},
  publisher={Elsevier}
}
@book{nelson1985evolutionary,
  title={An evolutionary theory of economic change},
  author={Nelson, Richard R},
  year={1985},
  publisher={harvard university press}
}
@article{carayol2007sequential,
  title={Sequential problem choice and the reward system in Open Science},
  author={Carayol, Nicolas and Dalle, Jean-Michel},
  journal={Structural Change and Economic Dynamics},
  volume={18},
  number={2},
  pages={167--191},
  year={2007},
  publisher={Elsevier}
}
@article{shibayama2021measuring,
  title={Measuring novelty in science with word embedding},
  author={Shibayama, Sotaro and Yin, Deyun and Matsumoto, Kuniko},
  journal={PloS one},
  volume={16},
  number={7},
  pages={e0254034},
  year={2021},
  publisher={Public Library of Science San Francisco, CA USA}
}

@article{ke2015defining,
  title={Defining and identifying sleeping beauties in science},
  author={Ke, Qing and Ferrara, Emilio and Radicchi, Filippo and Flammini, Alessandro},
  journal={Proceedings of the National Academy of Sciences},
  volume={112},
  number={24},
  pages={7426--7431},
  year={2015},
  publisher={National Acad Sciences}
}

@article{foster2021surprise,
  title={Surprise! Measuring novelty as expectation violation},
  author={Foster, Jacob G and Shi, Feng and Evans, James},
  year={2021},
  publisher={SocArXiv}
}

@article{lee2015creativity,
  title={Creativity in scientific teams: Unpacking novelty and impact},
  author={Lee, You-Na and Walsh, John P and Wang, Jian},
  journal={Research policy},
  volume={44},
  number={3},
  pages={684--697},
  year={2015},
  publisher={Elsevier}
}

@article{falk2011mapping,
  title={Mapping a research agenda for the science of team science},
  author={Falk-Krzesinski, Holly J and Contractor, Noshir and Fiore, Stephen M and Hall, Kara L and Kane, Cathleen and Keyton, Joann and Klein, Julie Thompson and Spring, Bonnie and Stokols, Daniel and Trochim, William},
  journal={Research Evaluation},
  volume={20},
  number={2},
  pages={145--158},
  year={2011},
  publisher={Beech Tree Publishing}
}

@book{paulus2003group,
  title={Group creativity: Innovation through collaboration},
  author={Paulus, Paul B and Nijstad, Bernard A},
  year={2003},
  publisher={Oxford University Press}
}

@article{shin2007educational,
  title={When is educational specialization heterogeneity related to creativity in research and development teams? Transformational leadership as a moderator.},
  author={Shin, Shung J and Zhou, Jing},
  journal={Journal of applied Psychology},
  volume={92},
  number={6},
  pages={1709},
  year={2007},
  publisher={American Psychological Association}
}

@article{wuchty2007increasing,
  title={The increasing dominance of teams in production of knowledge},
  author={Wuchty, Stefan and Jones, Benjamin F and Uzzi, Brian},
  journal={Science},
  volume={316},
  number={5827},
  pages={1036--1039},
  year={2007},
  publisher={American Association for the Advancement of Science}
}

@article{gonzalez2009sjr,
  title={The SJR indicator: A new indicator of journals' scientific prestige},
  author={Gonz{\'a}lez-Pereira, Borja and Guerrero-Bote, Vicente and Moya-Anegon, Felix},
  journal={arXiv preprint arXiv:0912.4141},
  year={2009}
}
@article{lin2021novelty,
author = {Lin, Yiling and Evans, James and Wu, Lingfei},
year = {2021},
title = {Novelty, Disruption, and the Evolution of Scientific Impact}
}

@article{dahlin2005invention,
  title={When is an invention really radical?: Defining and measuring technological radicalness},
  author={Dahlin, Kristina B and Behrens, Dean M},
  journal={research policy},
  volume={34},
  number={5},
  pages={717--737},
  year={2005},
  publisher={Elsevier}
}
@article{noyons1999integrating,
  title={Integrating research performance analysis and science mapping},
  author={Noyons, Everard and Moed, Henk and Van Raan, Anthony},
  journal={Scientometrics},
  volume={46},
  number={3},
  pages={591--604},
  year={1999},
  publisher={Akad{\'e}miai Kiad{\'o}, co-published with Springer Science+ Business Media BV~…}
}
@article{uddin2015framework,
  title={A framework to explore the knowledge structure of multidisciplinary research fields},
  author={Uddin, Shahadat and Khan, Arif and Baur, Louise A},
  journal={PloS one},
  volume={10},
  number={4},
  pages={e0123537},
  year={2015},
  publisher={Public Library of Science San Francisco, CA USA}
}
@article{mueller2019building,
  title={The building blocks of creativity and new ideas},
  author={Mueller, Bernardo},
  journal={RAUSP Management Journal},
  volume={54},
  pages={242--246},
  year={2019},
  publisher={SciELO Brasil}
}
@article{poincare1910mathematical,
  title={Mathematical creation},
  author={Poincar{\'e}, Henri},
  journal={The Monist},
  pages={321--335},
  year={1910},
  publisher={JSTOR}
}
@inproceedings{mikolov2013distributed,
  title={Distributed representations of words and phrases and their compositionality},
  author={Mikolov, Tomas and Sutskever, Ilya and Chen, Kai and Corrado, Greg S and Dean, Jeff},
  booktitle={Advances in neural information processing systems},
  pages={3111--3119},
  year={2013}
}
@book{geuna1999economics,
  title={The economics of knowledge production: funding and the structure of university research},
  author={Geuna, Aldo},
  year={1999},
  publisher={Edward Elgar Publishing}
}
@article{merton1968matthew,
  title={The Matthew effect in science: The reward and communication systems of science are considered},
  author={Merton, Robert K},
  journal={Science},
  volume={159},
  number={3810},
  pages={56--63},
  year={1968},
  publisher={American Association for the Advancement of Science}
}
@article{barabasi1999emergence,
  title={Emergence of scaling in random networks},
  author={Barab{\'a}si, Albert-L{\'a}szl{\'o} and Albert, R{\'e}ka},
  journal={science},
  volume={286},
  number={5439},
  pages={509--512},
  year={1999},
  publisher={American Association for the Advancement of Science}
}
@article{small1978cited,
  title={Cited documents as concept symbols},
  author={Small, Henry G},
  journal={Social studies of science},
  volume={8},
  number={3},
  pages={327--340},
  year={1978},
  publisher={Sage Publications Sage CA: Thousand Oaks, CA}
}
@article{lotka1926frequency,
  title={The frequency distribution of scientific productivity},
  author={Lotka, Alfred J},
  journal={Journal of the Washington academy of sciences},
  volume={16},
  number={12},
  pages={317--323},
  year={1926},
  publisher={JSTOR}
}
@article{foster2015tradition,
  title={Tradition and innovation in scientists’ research strategies},
  author={Foster, Jacob G and Rzhetsky, Andrey and Evans, James A},
  journal={American Sociological Review},
  volume={80},
  number={5},
  pages={875--908},
  year={2015},
  publisher={Sage Publications Sage CA: Los Angeles, CA}
}
@book{sugimoto2018measuring,
  title={Measuring research: what everyone needs to know},
  author={Sugimoto, Cassidy R and Larivière, Vincent},
  year={2018},
  publisher={Oxford University Press}
}
@article{chellappandi2018bibliometrics,
  title={Bibliometrics, Scientometrics, Webometrics/Cybermetrics, Informetrics and Altmetrics--An Emerging Field in Library and Information Science Research.},
  author={Chellappandi, P and Vijayakumar, CS},
  journal={Shanlax International Journal of Education},
  volume={7},
  number={1},
  pages={5--8},
  year={2018},
  publisher={ERIC}
}
@article{ayoubi2019does,
  title={Does it pay to do novel science? The selectivity patterns in science funding},
  author={Ayoubi, Charles and Pezzoni, Michele and Visentin, Fabiana},
  journal={Science and Public Policy},
  year={2019}
}
@book{sugimoto2018measuring,
  title={Measuring research: what everyone needs to know},
  author={Sugimoto, Cassidy R and Larivi{\`e}re, Vincent},
  year={2018},
  publisher={Oxford University Press}
}
@article{azoulay2011incentives,
  title={Incentives and creativity: evidence from the academic life sciences},
  author={Azoulay, Pierre and Graff Zivin, Joshua S and Manso, Gustavo},
  journal={The RAND Journal of Economics},
  volume={42},
  number={3},
  pages={527--554},
  year={2011},
  publisher={Wiley Online Library}
}

@article{cheng2010bridgeness,
  title={Bridgeness: a local index on edge significance in maintaining global connectivity},
  author={Cheng, Xue-Qi and Ren, Fu-Xin and Shen, Hua-Wei and Zhang, Zi-Ke and Zhou, Tao},
  journal={Journal of Statistical Mechanics: Theory and Experiment},
  volume={2010},
  number={10},
  pages={P10011},
  year={2010},
  publisher={IOP Publishing}
}

@article{murdock2017exploration,
  title={Exploration and exploitation of Victorian science in Darwin’s reading notebooks},
  author={Murdock, Jaimie and Allen, Colin and DeDeo, Simon},
  journal={Cognition},
  volume={159},
  pages={117--126},
  year={2017},
  publisher={Elsevier}
}

@article{shi2015weaving,
  title={Weaving the fabric of science: Dynamic network models of science's unfolding structure},
  author={Shi, Feng and Foster, Jacob G and Evans, James A},
  journal={Social Networks},
  volume={43},
  pages={73--85},
  year={2015},
  publisher={Elsevier}
}

@misc{bornmann1911disruption,
  title={Do disruption index indicators measure what they propose to measure? The comparison of several indicator variants with assessments by peers. Retrieved December 6, 2019},
  author={Bornmann, L and Devarakonda, S and Tekles, A and Chacko, G},
  year={2019}
}
@article{mingers2015review,
  title={A review of theory and practice in scientometrics},
  author={Mingers, John and Leydesdorff, Loet},
  journal={European journal of operational research},
  volume={246},
  number={1},
  pages={1--19},
  year={2015},
  publisher={Elsevier}
}
@article{bradley2020,
    author = {Bradley, James and Devarakonda, Sitaram and Davey, Avon and Korobskiy, Dmitriy and Liu, Siyu and Lakhdar-Hamina, Djamil and Warnow, Tandy and Chacko, George},
    title = "{Co-citations in context: Disciplinary heterogeneity is relevant}",
    journal = {Quantitative Science Studies},
    volume = {1},
    number = {1},
    pages = {264-276},
    year = {2020},
    month = {02},
    abstract = "{Citation analysis of the scientific literature has been used to study and define disciplinary boundaries, to trace the dissemination of knowledge, and to estimate impact. Co-citation, the frequency with which pairs of publications are cited, provides insight into how documents relate to each other and across fields. Co-citation analysis has been used to characterize combinations of prior work as conventional or innovative and to derive features of highly cited publications. Given the organization of science into disciplines, a key question is the sensitivity of such analyses to frame of reference. Our study examines this question using semantically themed citation networks. We observe that trends reported to be true across the scientific literature do not hold for focused citation networks, and we conclude that inferring novelty using co-citation analysis and random graph models benefits from disciplinary context.}",
    issn = {2641-3337},
    doi = {10.1162/qss_a_00007},
    url = {https://doi.org/10.1162/qss\_a\_00007},
    eprint = {https://direct.mit.edu/qss/article-pdf/1/1/264/1760824/qss\_a\_00007.pdf},
}
@article{biscaro2014co,
  title={Co-authorship and bibliographic coupling network effects on citations},
  author={Biscaro, Claudio and Giupponi, Carlo},
  journal={PloS one},
  volume={9},
  number={6},
  pages={e99502},
  year={2014},
  publisher={Public Library of Science San Francisco, USA}
}
@article{blagus2015comparison,
  title={Comparison of bibliometric measures for assessing relative importance of researchers},
  author={Blagus, Rok and Lesko{\v{s}}ek, Brane L and Stare, Janez},
  journal={Scientometrics},
  volume={105},
  number={3},
  pages={1743--1762},
  year={2015},
  publisher={Springer}
}
@article{butler2003explaining,
  title={Explaining Australia’s increased share of ISI publications—the effects of a funding formula based on publication counts},
  author={Butler, Linda},
  journal={Research policy},
  volume={32},
  number={1},
  pages={143--155},
  year={2003},
  publisher={Elsevier}
}
@article{shao2011outflow,
  title={The outflow of academic papers from China: why is it happening and can it be stemmed?},
  author={Shao, Jufang and Shen, Huiyun},
  year={2011}
}

@article{wu2019solo,
  title={Solo citations, duet citations, and prelude citations: New measures of the disruption of academic papers},
  author={Wu, Qiang and Yan, Zhaoyang},
  journal={arXiv preprint arXiv:1905.03461},
  year={2019}
}
@article{leydesdorff2012scientometrics,
  title={Scientometrics},
  author={Leydesdorff, Loet and Milojevi{\'c}, Sta{\v{s}}a},
  journal={arXiv preprint arXiv:1208.4566},
  year={2012}
}
@misc{wu_wu_2019,
 title={A confusing definition of disruption},
 url={osf.io/preprints/socarxiv/d3wpk},
 DOI={10.31235/osf.io/d3wpk},
 publisher={SocArXiv},
 author={Wu, Shijie and Wu, Qiang},
 year={2019},
 month={Apr}
}
@article{simkin2002read,
  title={Read before you cite!},
  author={Simkin, Mikhail V and Roychowdhury, Vwani P},
  journal={arXiv preprint cond-mat/0212043},
  year={2002}
}

@article{egghe2006theory,
  title={Theory and practise of the g-index},
  author={Egghe, Leo},
  journal={Scientometrics},
  volume={69},
  number={1},
  pages={131--152},
  year={2006},
  publisher={Citeseer}
}

@article{pritchard1969statistical,
  title={Statistical bibliography or bibliometrics},
  author={Pritchard, Alan and others},
  journal={Journal of documentation},
  volume={25},
  number={4},
  pages={348--349},
  year={1969},
  publisher={New York}
}
@article{catalini2015incidence,
  title={The incidence and role of negative citations in science},
  author={Catalini, Christian and Lacetera, Nicola and Oettl, Alexander},
  journal={Proceedings of the National Academy of Sciences},
  volume={112},
  number={45},
  pages={13823--13826},
  year={2015},
  publisher={National Acad Sciences}
}
@article{moral2020software,
  title={Software tools for conducting bibliometric analysis in science: An up-to-date review},
  author={Moral Mu{\~n}oz, Jos{\'e} Antonio and Herrera Viedma, Enrique and Santisteban Espejo, Antonio and Cobo, Manuel J and others},
  year={2020},
  publisher={EPI SCP}
}

@article{solla1965,
author = {Derek J. de Solla Price },
title = {Networks of Scientific Papers},
journal = {Science},
volume = {149},
number = {3683},
pages = {510-515},
year = {1965},
doi = {10.1126/science.149.3683.510}

URL = {https://www.science.org/doi/abs/10.1126/science.149.3683.510},
eprint = {https://www.science.org/doi/pdf/10.1126/science.149.3683.510}

}



@article{rousseau2014,
author = {Rousseau, Ronald},
year = {2014},
month = {06},
pages = {218},
title = {Library science: Forgotten founder of bibliometrics},
volume = {510},
journal = {Nature},
doi = {10.1038/510218e}
}



@article{Linnenluecke2020,
author = {Martina K Linnenluecke and Mauricio Marrone and Abhay K Singh},
title ={Conducting systematic literature reviews and bibliometric analyses},
journal = {Australian Journal of Management},
volume = {45},
number = {2},
pages = {175-194},
year = {2020},
doi = {10.1177/0312896219877678},

URL = { 
        https://doi.org/10.1177/0312896219877678
    
},
eprint = { 
        https://doi.org/10.1177/0312896219877678
    
}
}



@article{Kurtz2011,
  author    = {Michael J. Kurtz and
               Johan Bollen},
  title     = {Usage Bibliometrics},
  journal   = {CoRR},
  volume    = {abs/1102.2891},
  year      = {2011},
  url       = {http://arxiv.org/abs/1102.2891},
  eprinttype = {arXiv},
  eprint    = {1102.2891},
  timestamp = {Tue, 17 Sep 2019 14:15:25 +0200},
  biburl    = {https://dblp.org/rec/journals/corr/abs-1102-2891.bib},
  bibsource = {dblp computer science bibliography, https://dblp.org}
}

@article{diem2013use,
  title={The use of bibliometrics to measure research performance in education sciences},
  author={Diem, Andrea and Wolter, Stefan C},
  journal={Research in higher education},
  volume={54},
  number={1},
  pages={86--114},
  year={2013},
  publisher={Springer}
}


@article{price1978editorial,
  title={Editorial statements},
  author={Price, D de S},
  journal={Scientometrics},
  volume={1},
  number={1},
  pages={3--8},
  year={1978}
}

@article{kim2018scientometrics,
  title={Scientometrics of Scientometrics: Mapping Historical Footprint and Emerging Technologies in Scientometrics},
  author={Kim, Meen Chul and Zhu, Yongjun},
  journal={Scientometrics},
  pages={9--27},
  year={2018},
  publisher={IntechOpen London}
}

@book{wolfram2003applied,
  title={Applied informetrics for information retrieval research},
  author={Wolfram, Dietmar},
  number={36},
  year={2003},
  publisher={Greenwood Publishing Group}
}

@article{bjorneborn2004toward,
  title={Toward a basic framework for webometrics},
  author={Bj{\"o}rneborn, Lennart and Ingwersen, Peter},
  journal={Journal of the American society for information science and technology},
  volume={55},
  number={14},
  pages={1216--1227},
  year={2004},
  publisher={Wiley Online Library}
}

@inproceedings{niu2015topic2vec,
  title={Topic2Vec: learning distributed representations of topics},
  author={Niu, Liqiang and Dai, Xinyu and Zhang, Jianbing and Chen, Jiajun},
  booktitle={2015 International conference on asian language processing (IALP)},
  pages={193--196},
  year={2015},
  organization={IEEE}
}

@article{hain2020text,
  title={Text-based technological signatures and similarities: how to create them and what to do with them},
  author={Hain, Daniel and Jurowetzki, Roman and Buchmann, Tobias and Wolf, Patrick},
  journal={arXiv preprint arXiv:2003.12303},
  year={2020}
}

@article{matsumoto2021introducing,
  title={Introducing a novelty indicator for scientific research: validating the knowledge-based combinatorial approach},
  author={Matsumoto, Kuniko and Shibayama, Sotaro and Kang, Byeongwoo and Igami, Masatsura},
  journal={Scientometrics},
  pages={1--25},
  year={2021},
  publisher={Springer}
}

@article{hicks2015bibliometrics,
  title={Bibliometrics: the Leiden Manifesto for research metrics},
  author={Hicks, Diana and Wouters, Paul and Waltman, Ludo and De Rijcke, Sarah and Rafols, Ismael},
  journal={Nature News},
  volume={520},
  number={7548},
  pages={429},
  year={2015}
}
@article{azoulay2011incentives,
  title={Incentives and creativity: evidence from the academic life sciences},
  author={Azoulay, Pierre and Graff Zivin, Joshua S and Manso, Gustavo},
  journal={The RAND Journal of Economics},
  volume={42},
  number={3},
  pages={527--554},
  year={2011},
  publisher={Wiley Online Library}
}

@article{simonton2003scientific,
  title={Scientific creativity as constrained stochastic behavior: the integration of product, person, and process perspectives.},
  author={Simonton, Dean Keith},
  journal={Psychological bulletin},
  volume={129},
  number={4},
  pages={475},
  year={2003},
  publisher={American Psychological Association}
}
@article{mednick1962associative,
  title={The associative basis of the creative process.},
  author={Mednick, Sarnoff},
  journal={Psychological review},
  volume={69},
  number={3},
  pages={220},
  year={1962},
  publisher={American Psychological Association}
}
@article{arthur2007structure,
  title={The structure of invention},
  author={Arthur, W Brian},
  journal={Research policy},
  volume={36},
  number={2},
  pages={274--287},
  year={2007},
  publisher={Elsevier}
}
@article{arts2021natural,
  title={Natural language processing to identify the creation and impact of new technologies in patent text: Code, data, and new measures},
  author={Arts, Sam and Hou, Jianan and Gomez, Juan Carlos},
  journal={Research Policy},
  volume={50},
  number={2},
  pages={104144},
  year={2021},
  publisher={Elsevier}
}
@article{balsmeier2018machine,
  title={Machine learning and natural language processing on the patent corpus: Data, tools, and new measures},
  author={Balsmeier, Benjamin and Assaf, Mohamad and Chesebro, Tyler and Fierro, Gabe and Johnson, Kevin and Johnson, Scott and Li, Guan-Cheng and L{\"u}ck, Sonja and O'Reagan, Doug and Yeh, Bill and others},
  journal={Journal of Economics \& Management Strategy},
  volume={27},
  number={3},
  pages={535--553},
  year={2018},
  publisher={Wiley Online Library}
}

@article{winter1982evolutionary,
  title={An evolutionary theory of economic change},
  author={Winter, Sidney G and Nelson, Richard R},
  journal={University of Illinois at Urbana-Champaign's Academy for Entrepreneurial Leadership Historical Research Reference in Entrepreneurship},
  year={1982}
}
@book{schumpeter1939business,
  title={Business cycles},
  author={Schumpeter, Joseph A and others},
  volume={1},
  year={1939},
  publisher={McGraw-Hill New York}
}
@article{henderson1990architectural,
  title={Architectural innovation: The reconfiguration of existing product technologies and the failure of established firms},
  author={Henderson, Rebecca M and Clark, Kim B},
  journal={Administrative science quarterly},
  pages={9--30},
  year={1990},
  publisher={JSTOR}
}
@article{jacob1977evolution,
  title={Evolution and tinkering},
  author={Jacob, Fran{\c{c}}ois},
  journal={Science},
  volume={196},
  number={4295},
  pages={1161--1166},
  year={1977},
  publisher={JSTOR}
}
@article{rodriguez2016research,
  title={Research assessment based on infrequent achievements: A comparison of the U nited S tates and E urope in terms of highly cited papers and N obel P rizes},
  author={Rodr{\'\i}guez-Navarro, Alonso},
  journal={Journal of the Association for Information Science and Technology},
  volume={67},
  number={3},
  pages={731--740},
  year={2016},
  publisher={Wiley Online Library}
}
@article{bornmann2019do,
  title={Do we measure novelty when we analyze unusual combinations of cited references? A validation study of bibliometric novelty indicators based on F1000Prime data},
  author={Bornmann, Lutz and Tekles, Alexander and Zhang, Helena H and Fred, Y Ye},
  journal={Journal of Informetrics},
  volume={13},
  number={4},
  pages={100979},
  year={2019},
  publisher={Elsevier}
}
@article{merton1957priorities,
  title={Priorities in scientific discovery: a chapter in the sociology of science},
  author={Merton, Robert K},
  journal={American sociological review},
  volume={22},
  number={6},
  pages={635--659},
  year={1957},
  publisher={JSTOR}
}
@article{partha1994toward,
  title={Toward a new economics of science},
  author={Partha, Dasgupta and David, Paul A},
  journal={Research policy},
  volume={23},
  number={5},
  pages={487--521},
  year={1994},
  publisher={Elsevier}
}
@incollection{hemlin2013leadership,
  title={Why is leadership important for creativity in science, technology, and innovation? Introduction},
  author={Hemlin, Sven and Allwood, Carl Martin and Martin, Ben R and Mumford, Michael D},
  booktitle={Creativity and leadership in science, technology, and innovation},
  pages={1--26},
  year={2013},
  publisher={Routledge}
}
@article{puccio2013creative,
  title={Creative Leadership 11},
  author={Puccio, G and Mance, Marie and Zacko-Smith, Jeffrey},
  journal={Creativity and Leadership in Science, Technology, and Innovation},
  volume={287},
  year={2013}
}

@techreport{amendola2014novelty,
  title={Novelty, Hysteresis, and Growth},
  author={Amendola, Mario and Gaffard, Jean-Luc and others},
  year={2014},
  institution={Observatoire Francais des Conjonctures Economiques (OFCE)}
}

@incollection{witt2016propositions,
  title={Propositions about novelty},
  author={Witt, Ulrich},
  booktitle={Rethinking Economic Evolution},
  year={2016},
  publisher={Edward Elgar Publishing}
}

@article{ocde,
   author = "OECD",
   title = "Effective policies to foster high-risk/high-reward research",
   year = "2021",
   number = "112", 
   url = "https://www.oecd-ilibrary.org/content/paper/06913b3b-en",
   doi = "https://doi.org/https://doi.org/10.1787/06913b3b-en" 
}

@article{franzoni2022funding,
  title={Funding risky research},
  author={Franzoni, Chiara and Stephan, Paula and Veugelers, Reinhilde},
  journal={Entrepreneurship and Innovation Policy and the Economy},
  volume={1},
  number={1},
  pages={103--133},
  year={2022},
  publisher={The University of Chicago Press Chicago, IL}
}

@article{ayoubi2021does,
  title={Does it pay to do novel science? The selectivity patterns in science funding},
  author={Ayoubi, Charles and Pezzoni, Michele and Visentin, Fabiana},
  journal={Science and Public Policy},
  volume={48},
  number={5},
  pages={635--648},
  year={2021},
  publisher={Oxford University Press UK}
}

@article{waltman2016review,
  title={A review of the literature on citation impact indicators},
  author={Waltman, Ludo},
  journal={Journal of informetrics},
  volume={10},
  number={2},
  pages={365--391},
  year={2016},
  publisher={Elsevier}
}

@inproceedings{xu2015citation,
  title={Citation sentiment analysis in clinical trial papers},
  author={Xu, Jun and Zhang, Yaoyun and Wu, Yonghui and Wang, Jingqi and Dong, Xiao and Xu, Hua},
  booktitle={AMIA annual symposium proceedings},
  volume={2015},
  pages={1334},
  year={2015},
  organization={American Medical Informatics Association}
}

@article{nonaka1994dynamic,
  title={A dynamic theory of organizational knowledge creation},
  author={Nonaka, Ikujiro},
  journal={Organization science},
  volume={5},
  number={1},
  pages={14--37},
  year={1994},
  publisher={INFORMS}
}


@article{puccio2013creative,
  title={Creative Leadership 11},
  author={Puccio, G and Mance, Marie and Zacko-Smith, Jeffrey},
  journal={Creativity and Leadership in Science, Technology, and Innovation},
  volume={287},
  year={2013}
}

@article{boden2001creativity,
  title={Creativity and knowledge},
  author={Boden, Margaret},
  journal={Creativity in education},
  pages={95--102},
  year={2001}
}

@article{jones2008multi,
  title={Multi-university research teams: Shifting impact, geography, and stratification in science},
  author={Jones, Benjamin F and Wuchty, Stefan and Uzzi, Brian},
  journal={science},
  volume={322},
  number={5905},
  pages={1259--1262},
  year={2008},
  publisher={American Association for the Advancement of Science}
}
@article{jones2009burden,
  title={The burden of knowledge and the “death of the renaissance man”: Is innovation getting harder?},
  author={Jones, Benjamin F},
  journal={The Review of Economic Studies},
  volume={76},
  number={1},
  pages={283--317},
  year={2009},
  publisher={Wiley-Blackwell}
}

@article{whitfield2008group,
  title={Group theory; What makes a successful team? John Whitfield looks at research that uses massive online databases and network analysis to come up with some rules of thumb for productive collaborations},
  author={Whitfield, John},
  journal={Nature},
  volume={455},
  number={7214},
  pages={720--724},
  year={2008},
  publisher={Nature Publishing Group}
}

@article{leahey2016sole,
  title={From sole investigator to team scientist: Trends in the practice and study of research collaboration.},
  author={Leahey, Erin},
  journal={Annual review of sociology},
  year={2016},
  publisher={Annual Reviews}
}

@article{adams2013fourth,
  title={The fourth age of research},
  author={Adams, Jonathan},
  journal={Nature},
  volume={497},
  number={7451},
  pages={557--560},
  year={2013},
  publisher={Nature Publishing Group}
}

@article{wu2019large,
  title={Large teams develop and small teams disrupt science and technology},
  author={Wu, Lingfei and Wang, Dashun and Evans, James A},
  journal={Nature},
  volume={566},
  number={7744},
  pages={378--382},
  year={2019},
  publisher={Nature Publishing Group}
}

@article{rawlings2011influence,
  title={Influence flows in the academy: Using affiliation networks to assess peer effects among researchers},
  author={Rawlings, Craig M and McFarland, Daniel A},
  journal={Social Science Research},
  volume={40},
  number={3},
  pages={1001--1017},
  year={2011},
  publisher={Elsevier}
}

@article{fortunato2018science,
  title={Science of science},
  author={Fortunato, Santo and Bergstrom, Carl T and B{\"o}rner, Katy and Evans, James A and Helbing, Dirk and Milojevi{\'c}, Sta{\v{s}}a and Petersen, Alexander M and Radicchi, Filippo and Sinatra, Roberta and Uzzi, Brian and others},
  journal={Science},
  volume={359},
  number={6379},
  year={2018},
  publisher={American Association for the Advancement of Science}
}

@article{nahapiet1998social,
  title={Social capital, intellectual capital, and the organizational advantage},
  author={Nahapiet, Janine and Ghoshal, Sumantra},
  journal={Academy of management review},
  volume={23},
  number={2},
  pages={242--266},
  year={1998},
  publisher={Academy of Management Briarcliff Manor, NY 10510}
}

@article{mcfadyen2004social,
  title={Social capital and knowledge creation: Diminishing returns of the number and strength of exchange relationships},
  author={McFadyen, M Ann and Cannella Jr, Albert A},
  journal={Academy of management Journal},
  volume={47},
  number={5},
  pages={735--746},
  year={2004},
  publisher={Academy of Management Briarcliff Manor, NY 10510}
}

@article{kumar2015co,
  title={Co-authorship networks: a review of the literature},
  author={Kumar, Sameer},
  journal={Aslib Journal of Information Management},
  year={2015},
  publisher={Emerald Group Publishing Limited}
}

@article{taylor2006superman,
  title={Superman or the fantastic four? Knowledge combination and experience in innovative teams},
  author={Taylor, Alva and Greve, Henrich R},
  journal={Academy of management journal},
  volume={49},
  number={4},
  pages={723--740},
  year={2006},
  publisher={Academy of Management Briarcliff Manor, NY 10510}
}

@article{liao2011improve,
  title={How to improve research quality? Examining the impacts of collaboration intensity and member diversity in collaboration networks},
  author={Liao, Chien Hsiang},
  journal={Scientometrics},
  volume={86},
  number={3},
  pages={747--761},
  year={2011},
  publisher={Akad{\'e}miai Kiad{\'o}, co-published with Springer Science+ Business Media BV~…}
}

@article{kelchtermans2020off,
  title={Off the beaten path: What drives scientists’ entry into new fields?},
  author={Kelchtermans, Stijn and Neicu, Daniel and Veugelers, Reinhilde},
  journal={FEB Research Report MSI\_2008},
  pages={1--42},
  year={2020},
  publisher={KU Leuven-Faculty of Economics and Business}
}

@article{abramo2018comparison,
  title={A comparison of two approaches for measuring interdisciplinary research output: The disciplinary diversity of authors vs the disciplinary diversity of the reference list},
  author={Abramo, Giovanni and D’Angelo, Ciriaco Andrea and Zhang, Lin},
  journal={Journal of Informetrics},
  volume={12},
  number={4},
  pages={1182--1193},
  year={2018},
  publisher={Elsevier}
}

@book{page2007,
 ISBN = {9780691138541},
 URL = {http://www.jstor.org/stable/j.ctt7sp9c},
 publisher = {Princeton University Press},
 title = {The Difference: How the Power of Diversity Creates Better Groups, Firms, Schools, and Societies (New Edition)},
 urldate = {2023-04-07},
 year = {2007}
}

@article{xu2022flat,
  title={Flat teams drive scientific innovation},
  author={Xu, Fengli and Wu, Lingfei and Evans, James},
  journal={Proceedings of the National Academy of Sciences},
  volume={119},
  number={23},
  pages={e2200927119},
  year={2022},
  publisher={National Acad Sciences}
}

@article{fontana2022interdisciplinarity,
  title={The interdisciplinarity dilemma: Public versus private interests},
  author={Fontana, Magda and Iori, Martina and Sciabolazza, Valerio Leone and Souza, Daniel},
  journal={Research Policy},
  volume={51},
  number={7},
  pages={104553},
  year={2022},
  publisher={Elsevier}
}

@article{pelletier2022novelpy,
  title={Novelpy: A Python package to measure novelty and disruptiveness of bibliometric and patent data},
  author={Pelletier, Pierre and Wirtz, Kevin},
  journal={arXiv preprint arXiv:2211.10346},
  year={2022}
}

@article{wu2022metrics,
  title={Metrics and mechanisms: Measuring the unmeasurable in the science of science},
  author={Wu, Lingfei and Kittur, Aniket and Youn, Hyejin and Milojevi{\'c}, Sta{\v{s}}a and Leahey, Erin and Fiore, Stephen M and Ahn, Yong-Yeol},
  journal={Journal of Informetrics},
  volume={16},
  number={2},
  pages={101290},
  year={2022},
  publisher={Elsevier}
}

@article{jeppesen2010marginality,
  title={Marginality and problem-solving effectiveness in broadcast search},
  author={Jeppesen, Lars Bo and Lakhani, Karim R},
  journal={Organization science},
  volume={21},
  number={5},
  pages={1016--1033},
  year={2010},
  publisher={INFORMS}
}

@article{acar2016knowledge,
  title={Knowledge distance, cognitive-search processes, and creativity: The making of winning solutions in science contests},
  author={Acar, Oguz Ali and van den Ende, Jan},
  journal={Psychological science},
  volume={27},
  number={5},
  pages={692--699},
  year={2016},
  publisher={Sage Publications Sage CA: Los Angeles, CA}
}


@inproceedings{kumar2017author,
  title={Author similarity identification using citation context and proximity},
  author={Kumar, Vasantha and Sendhilkumar, S and Mahalakshmi, GS},
  booktitle={2017 Second International Conference on Recent Trends and Challenges in Computational Models (ICRTCCM)},
  pages={217--221},
  year={2017},
  organization={IEEE}
}

@article{niu2016publication,
  title={Which publication is your representative work?},
  author={Niu, Qikai and Zhou, Jianlin and Zeng, An and Fan, Ying and Di, Zengru},
  journal={Journal of Informetrics},
  volume={10},
  number={3},
  pages={842--853},
  year={2016},
  publisher={Elsevier}
}

@article{garfield1979citation,
  title={Is citation analysis a legitimate evaluation tool?},
  author={Garfield, Eugene},
  journal={Scientometrics},
  volume={1},
  number={4},
  pages={359--375},
  year={1979},
  publisher={Springer}
}

@book{wang2021science,
  title={The science of science},
  author={Wang, Dashun and Barab{\'a}si, Albert-L{\'a}szl{\'o}},
  year={2021},
  publisher={Cambridge University Press}
}

@article{bikard2015exploring,
  title={Exploring trade-offs in the organization of scientific work: Collaboration and scientific reward},
  author={Bikard, Micha{\"e}l and Murray, Fiona and Gans, Joshua S},
  journal={Management science},
  volume={61},
  number={7},
  pages={1473--1495},
  year={2015},
  publisher={INFORMS}
}

@book{christensen2003innovator,
  title={The innovator's dilemma: The revolutionary book that will change the way you do business},
  author={Christensen, Clayton M and Christensen, Clayton M},
  year={2003},
  publisher={HarperBusiness Essentials New York, NY}
}
@article{nooteboom2007optimal,
  title={Optimal cognitive distance and absorptive capacity},
  author={Nooteboom, Bart and Van Haverbeke, Wim and Duysters, Geert and Gilsing, Victor and Van den Oord, Ad},
  journal={Research policy},
  volume={36},
  number={7},
  pages={1016--1034},
  year={2007},
  publisher={Elsevier}
}

@article{lakhani2013prize,
  title={Prize-based contests can provide solutions to computational biology problems},
  author={Lakhani, Karim R and Boudreau, Kevin J and Loh, Po-Ru and Backstrom, Lars and Baldwin, Carliss and Lonstein, Eric and Lydon, Mike and MacCormack, Alan and Arnaout, Ramy A and Guinan, Eva C},
  journal={Nature biotechnology},
  volume={31},
  number={2},
  pages={108--111},
  year={2013},
  publisher={Nature Publishing Group}
}

@article{paulus2013understanding,
  title={Understanding the group size effect in electronic brainstorming},
  author={Paulus, Paul B and Kohn, Nicholas W and Arditti, Lauren E and Korde, Runa M},
  journal={Small Group Research},
  volume={44},
  number={3},
  pages={332--352},
  year={2013},
  publisher={Sage Publications Sage CA: Los Angeles, CA}
}

@article{uzzi2005collaboration,
  title={Collaboration and creativity: The small world problem},
  author={Uzzi, Brian and Spiro, Jarrett},
  journal={American journal of sociology},
  volume={111},
  number={2},
  pages={447--504},
  year={2005},
  publisher={The University of Chicago Press}
}

@book{goodhart1984monetary,
  title={Monetary theory and practice: The UK experience},
  author={Goodhart, Charles Albert Eric},
  year={1984},
  publisher={Springer}
}

@article{veugelers2019scientific,
  title={Scientific novelty and technological impact},
  author={Veugelers, Reinhilde and Wang, Jian},
  journal={Research Policy},
  volume={48},
  number={6},
  pages={1362--1372},
  year={2019},
  publisher={Elsevier}
}

@article{gregoire2018overcoming,
  title={Overcoming obstacles to creativity in science},
  author={Gr{\'e}goire, Jacques},
  journal={Estudos de Psicologia (Campinas)},
  volume={35},
  pages={229--236},
  year={2018},
  publisher={SciELO Brasil}
}

@article{costas2018reflections,
  title={Reflections around ‘the cautionary use’of the h-index: response to Teixeira da Silva and Dobr{\'a}nszki},
  author={Costas, Rodrigo and Franssen, Thomas},
  journal={Scientometrics},
  volume={115},
  number={2},
  pages={1125--1130},
  year={2018},
  publisher={Springer}
}

@article{alberts2014rescuing,
  title={Rescuing US biomedical research from its systemic flaws},
  author={Alberts, Bruce and Kirschner, Marc W and Tilghman, Shirley and Varmus, Harold},
  journal={Proceedings of the National Academy of Sciences},
  volume={111},
  number={16},
  pages={5773--5777},
  year={2014},
  publisher={National Acad Sciences}
}

@article{klinger2020narrowing,
  title={A narrowing of AI research?},
  author={Klinger, Joel and Mateos-Garcia, Juan and Stathoulopoulos, Konstantinos},
  journal={arXiv preprint arXiv:2009.10385},
  year={2020}
}

@article{medin2012diversity,
  title={Diversity makes better science},
  author={Medin, Douglas L and Lee, Carol D},
  journal={APS Observer},
  volume={25},
  year={2012}
}

@article{hofstra2020diversity,
  title={The diversity--innovation paradox in science},
  author={Hofstra, Bas and Kulkarni, Vivek V and Munoz-Najar Galvez, Sebastian and He, Bryan and Jurafsky, Dan and McFarland, Daniel A},
  journal={Proceedings of the National Academy of Sciences},
  volume={117},
  number={17},
  pages={9284--9291},
  year={2020},
  publisher={National Acad Sciences}
}

@incollection{witt2016propositions,
  title={Propositions about novelty},
  author={Witt, Ulrich},
  booktitle={Rethinking Economic Evolution},
  pages={105--114},
  year={2016},
  publisher={Edward Elgar Publishing}
}

@article{petersen2021grand,
  title={Grand challenges and emergent modes of convergence science},
  author={Petersen, Alexander M and Ahmed, Mohammed E and Pavlidis, Ioannis},
  journal={Humanities and Social Sciences Communications},
  volume={8},
  number={1},
  pages={1--15},
  year={2021},
  publisher={Palgrave}
}

@article{frenken1998simulating,
  title={Simulating paradigm shifts using a lock-in model},
  author={Frenken, Koen and Verbart, Okke},
  journal={Computer simulations in science and technology studies},
  pages={117--127},
  year={1998},
  publisher={Springer}
}

@article{valderrama2021comparison,
  title={Comparison of MeSH terms and KeyWords Plus terms for more accurate classification in medical research fields. A case study in cannabis research},
  author={Valderrama-Zuri{\'a}n, Juan Carlos and Garc{\'\i}a-Zorita, Carlos and Marug{\'a}n-L{\'a}zaro, Sergio and Sanz-Casado, El{\'\i}as},
  journal={Information Processing \& Management},
  volume={58},
  number={5},
  pages={102658},
  year={2021},
  publisher={Elsevier}
}

@article{stephan1996economics,
  title={The economics of science},
  author={Stephan, Paula E},
  journal={Journal of Economic literature},
  volume={34},
  number={3},
  pages={1199--1235},
  year={1996},
  publisher={JSTOR}
}

@inproceedings{lee2010comparison,
  title={A comparison of meSH terms and CiteULike social tags as metadata for the same items},
  author={Lee, Danielle H and Schleyer, Titus},
  booktitle={Proceedings of the 1st ACM International Health Informatics Symposium},
  pages={445--448},
  year={2010}
}

@article{bu2019multi,
  title={A multi-dimensional framework for characterizing the citation impact of scientific publications},
  author={Bu, Yi and Waltman, Ludo and Huang, Yong},
  journal={arXiv preprint arXiv:1901.09663},
  year={2019}
}

@article{fasoulis2020error,
  title={Error detection in Knowledge Graphs: Path Ranking, Embeddings or both},
  author={Fasoulis, Romanos and Bougiatiotis, Konstantinos and Aisopos, Fotis and Nentidis, Anastasios and Paliouras, Georgios},
  journal={arXiv preprint arXiv:2002.08762},
  year={2020}
}

@article{koopmann2021proximity,
  title={Proximity dimensions and the emergence of collaboration: a HypTrails study on German AI research},
  author={Koopmann, Tobias and Stubbemann, Maximilian and Kapa, Matthias and Paris, Michael and Buenstorf, Guido and Hanika, Tom and Hotho, Andreas and J{\"a}schke, Robert and Stumme, Gerd},
  journal={Scientometrics},
  pages={1--22},
  year={2021},
  publisher={Springer}
}

%%%%%%%%%%%%%%%%%%%%%%%%%%%%%%%%%%%%%%%%%%%%%%%%%%%%%%%%%%%%%%%%%%%%%%%%%%%%%%%%%%%%%%%%%%%%%%%%%%%%%%%%%%%%%%%%%%%%%%%%%%%%%%%%%%%%%%%%%%%%%%%%%%%%%%%%%%%%%%%%%%%%%%%%%%%%%%%%%%%%%%%%%%%%%%%%%%%%%%%%%%%%%%%%%%%%%%%%%%%%%%%%%%%%%%%%%%%%%%%%%%%%%%%%%%%%%%%%%%%%%%%%%%%%%% 

%% Chap3 %%

@article{uzzi2013atypical,
  title={Atypical combinations and scientific impact},
  author={Uzzi, Brian and Mukherjee, Satyam and Stringer, Michael and Jones, Ben},
  journal={Science},
  volume={342},
  number={6157},
  pages={468--472},
  year={2013},
  publisher={American Association for the Advancement of Science}
}

@article{wang2017bias,
  title={Bias against novelty in science: A cautionary tale for users of bibliometric indicators},
  author={Wang, Jian and Veugelers, Reinhilde and Stephan, Paula},
  journal={Research Policy},
  volume={46},
  number={8},
  pages={1416--1436},
  year={2017},
  publisher={Elsevier}
}
@article{burt2004structural,
  title={Structural holes and good ideas},
  author={Burt, Ronald S},
  journal={American journal of sociology},
  volume={110},
  number={2},
  pages={349--399},
  year={2004},
  publisher={The University of Chicago Press}
}


@article{tahamtan2018creativity,
  title={Creativity in science and the link to cited references: Is the creative potential of papers reflected in their cited references?},
  author={Tahamtan, Iman and Bornmann, Lutz},
  journal={Journal of informetrics},
  volume={12},
  number={3},
  pages={906--930},
  year={2018},
  publisher={Elsevier}
}

@article{ocde,
   author = "OECD",
   title = "Effective policies to foster high-risk/high-reward research",
   year = "2021",
   number = "112", 
   url = "https://www.oecd-ilibrary.org/content/paper/06913b3b-en",
   doi = "https://doi.org/https://doi.org/10.1787/06913b3b-en" 
}
@article{wallace2012small,
  title={A small world of citations? The influence of collaboration networks on citation practices},
  author={Wallace, Matthew L and Larivi{\`e}re, Vincent and Gingras, Yves},
  journal={PloS one},
  volume={7},
  number={3},
  pages={e33339},
  year={2012},
  publisher={Public Library of Science San Francisco, USA}
}
@article{shibayama2021measuring,
  title={Measuring novelty in science with word embedding},
  author={Shibayama, Sotaro and Yin, Deyun and Matsumoto, Kuniko},
  journal={PloS one},
  volume={16},
  number={7},
  pages={e0254034},
  year={2021},
  publisher={Public Library of Science San Francisco, CA USA}
}

@article{lee2015creativity,
  title={Creativity in scientific teams: Unpacking novelty and impact},
  author={Lee, You-Na and Walsh, John P and Wang, Jian},
  journal={Research policy},
  volume={44},
  number={3},
  pages={684--697},
  year={2015},
  publisher={Elsevier}
}

@article{wu2019large,
  title={Large teams develop and small teams disrupt science and technology},
  author={Wu, Lingfei and Wang, Dashun and Evans, James A},
  journal={Nature},
  volume={566},
  number={7744},
  pages={378--382},
  year={2019},
  publisher={Nature Publishing Group}
}

@article{bornmann2020disruptive,
  title={Disruptive papers published in Scientometrics: meaningful results by using an improved variant of the disruption index originally proposed by Wu, Wang, and Evans (2019)},
  author={Bornmann, Lutz and Devarakonda, Sitaram and Tekles, Alexander and Chacko, George},
  journal={Scientometrics},
  pages={1--7},
  year={2020},
  publisher={Springer International Publishing}
}

@article{bu2019multi,
  title={A multi-dimensional framework for characterizing the citation impact of scientific publications},
  author={Bu, Yi and Waltman, Ludo and Huang, Yong},
  journal={arXiv preprint arXiv:1901.09663},
  year={2019}
}

@book{sugimoto2018measuring,
  title={Measuring research: what everyone needs to know},
  author={Sugimoto, Cassidy R and Larivi{\`e}re, Vincent},
  year={2018},
  publisher={Oxford University Press}
}
@article{boyack2005mapping,
  title={Mapping the backbone of science},
  author={Boyack, Kevin W and Klavans, Richard and B{\"o}rner, Katy},
  journal={Scientometrics},
  volume={64},
  number={3},
  pages={351--374},
  year={2005},
  publisher={Akad{\'e}miai Kiad{\'o}, co-published with Springer Science+ Business Media BV~…}
}

@article{bornmann2008citation,
  title={What do citation counts measure? A review of studies on citing behavior},
  author={Bornmann, Lutz and Daniel, Hans-Dieter},
  journal={Journal of documentation},
  year={2008},
  publisher={Emerald Group Publishing Limited}
}

@article{xu2020building,
  title={Building a PubMed knowledge graph},
  author={Xu, Jian and Kim, Sunkyu and Song, Min and Jeong, Minbyul and Kim, Donghyeon and Kang, Jaewoo and Rousseau, Justin F and Li, Xin and Xu, Weijia and Torvik, Vetle I and others},
  journal={Scientific data},
  volume={7},
  number={1},
  pages={1--15},
  year={2020},
  publisher={Nature Publishing Group}
}

@article{abt2002relationship,
  title={Is the relationship between numbers of references and paper lengths the same for all sciences?},
  author={Abt, Helmut A and Garfield, Eugene},
  journal={Journal of the American Society for Information Science and Technology},
  volume={53},
  number={13},
  pages={1106--1112},
  year={2002},
  publisher={Wiley Online Library}
}

@article{simkin2002read,
  title={Read before you cite!},
  author={Simkin, Mikhail V and Roychowdhury, Vwani P},
  journal={arXiv preprint cond-mat/0212043},
  year={2002}
}

@article{garfield1979citation,
  title={Is citation analysis a legitimate evaluation tool?},
  author={Garfield, Eugene},
  journal={Scientometrics},
  volume={1},
  number={4},
  pages={359--375},
  year={1979},
  publisher={Springer}
}
@article{uddin2015framework,
  title={A framework to explore the knowledge structure of multidisciplinary research fields},
  author={Uddin, Shahadat and Khan, Arif and Baur, Louise A},
  journal={PloS one},
  volume={10},
  number={4},
  pages={e0123537},
  year={2015},
  publisher={Public Library of Science San Francisco, CA USA}
}
@article{noyons1999integrating,
  title={Integrating research performance analysis and science mapping},
  author={Noyons, Everard and Moed, Henk and Van Raan, Anthony},
  journal={Scientometrics},
  volume={46},
  number={3},
  pages={591--604},
  year={1999},
  publisher={Akad{\'e}miai Kiad{\'o}, co-published with Springer Science+ Business Media BV~…}
}
@article{zhu2015measuring,
  title={Measuring academic influence: Not all citations are equal},
  author={Zhu, Xiaodan and Turney, Peter and Lemire, Daniel and Vellino, Andr{\'e}},
  journal={Journal of the Association for Information Science and Technology},
  volume={66},
  number={2},
  pages={408--427},
  year={2015},
  publisher={Wiley Online Library}
}

@article{ke2015defining,
  title={Defining and identifying sleeping beauties in science},
  author={Ke, Qing and Ferrara, Emilio and Radicchi, Filippo and Flammini, Alessandro},
  journal={Proceedings of the National Academy of Sciences},
  volume={112},
  number={24},
  pages={7426--7431},
  year={2015},
  publisher={National Acad Sciences}
}

@article{foster2021surprise,
  title={Surprise! Measuring novelty as expectation violation},
  author={Foster, Jacob G and Shi, Feng and Evans, James},
  year={2021},
  publisher={SocArXiv}
}

@misc{azoulay2019small,
  title={Small research teams ‘disrupt’science more radically than large ones},
  author={Azoulay, Pierre},
  year={2019},
  publisher={Nature Publishing Group}
}


@article{wagner2019international,
  title={International research collaboration: Novelty, conventionality, and atypicality in knowledge recombination},
  author={Wagner, Caroline S and Whetsell, Travis A and Mukherjee, Satyam},
  journal={Research Policy},
  volume={48},
  number={5},
  pages={1260--1270},
  year={2019},
  publisher={Elsevier}
}

@article{mcfadyen2004social,
  title={Social capital and knowledge creation: Diminishing returns of the number and strength of exchange relationships},
  author={McFadyen, M Ann and Cannella Jr, Albert A},
  journal={Academy of management Journal},
  volume={47},
  number={5},
  pages={735--746},
  year={2004},
  publisher={Academy of Management Briarcliff Manor, NY 10510}
}

@article{nahapiet1998social,
  title={Social capital, intellectual capital, and the organizational advantage},
  author={Nahapiet, Janine and Ghoshal, Sumantra},
  journal={Academy of management review},
  volume={23},
  number={2},
  pages={242--266},
  year={1998},
  publisher={Academy of Management Briarcliff Manor, NY 10510}
}
@misc{bornmann1911disruption,
  title={Do disruption index indicators measure what they propose to measure? The comparison of several indicator variants with assessments by peers. Retrieved December 6, 2019},
  author={Bornmann, L and Devarakonda, S and Tekles, A and Chacko, G},
  year={2019}
}

@article{wu2019solo,
  title={Solo citations, duet citations, and prelude citations: New measures of the disruption of academic papers},
  author={Wu, Qiang and Yan, Zhaoyang},
  journal={arXiv preprint arXiv:1905.03461},
  year={2019}
}
@article{wallace2012small,
  title={A small world of citations? The influence of collaboration networks on citation practices},
  author={Wallace, Matthew L and Larivi{\`e}re, Vincent and Gingras, Yves},
  journal={PloS one},
  volume={7},
  number={3},
  pages={e33339},
  year={2012},
  publisher={Public library of science San Francisco, USA}
}
@misc{wu_wu_2019,
 title={A confusing definition of disruption},
 url={osf.io/preprints/socarxiv/d3wpk},
 DOI={10.31235/osf.io/d3wpk},
 publisher={SocArXiv},
 author={Wu, Shijie and Wu, Qiang},
 year={2019},
 month={Apr}
}
@article{chellappandi2018bibliometrics,
  title={Bibliometrics, Scientometrics, Webometrics/Cybermetrics, Informetrics and Altmetrics--An Emerging Field in Library and Information Science Research.},
  author={Chellappandi, P and Vijayakumar, CS},
  journal={Shanlax International Journal of Education},
  volume={7},
  number={1},
  pages={5--8},
  year={2018},
  publisher={ERIC}
}
@article{merton1968matthew,
  title={The Matthew effect in science: The reward and communication systems of science are considered},
  author={Merton, Robert K},
  journal={Science},
  volume={159},
  number={3810},
  pages={56--63},
  year={1968},
  publisher={American Association for the Advancement of Science}
}
@article{lotka1926frequency,
  title={The frequency distribution of scientific productivity},
  author={Lotka, Alfred J},
  journal={Journal of the Washington academy of sciences},
  volume={16},
  number={12},
  pages={317--323},
  year={1926},
  publisher={JSTOR}
}
@article{poincare1910mathematical,
  title={Mathematical creation},
  author={Poincar{\'e}, Henri},
  journal={The Monist},
  pages={321--335},
  year={1910},
  publisher={JSTOR}
}

@article{aria2017bibliometrix,
  title={Bibliometrix: An R tool for comprehensive analysis of scientific literature},
  author={Aria, M and Cuccurullo, C},
  journal={Journal of Informetrics},
  volume={11},
  pages={959--975},
  year={2017}
}

@article{ruiz2019software,
  title={Software survey: ScientoPy, a scientometric tool for topics trend analysis in scientific publications},
  author={Ruiz-Rosero, Juan and Ram{\'\i}rez-Gonz{\'a}lez, Gustavo and Viveros-Delgado, Jes{\'u}s},
  journal={Scientometrics},
  volume={121},
  number={2},
  pages={1165--1188},
  year={2019},
  publisher={Springer}
}
@article{bianchini2020deep,
  title={Deep learning in science},
  author={Bianchini, Stefano and M{\"u}ller, Moritz and Pelletier, Pierre},
  journal={arXiv preprint arXiv:2009.01575},
  year={2020}
}
@article{dahlin2005invention,
  title={When is an invention really radical?: Defining and measuring technological radicalness},
  author={Dahlin, Kristina B and Behrens, Dean M},
  journal={research policy},
  volume={34},
  number={5},
  pages={717--737},
  year={2005},
  publisher={Elsevier}
}
@inproceedings{mikolov2013distributed,
  title={Distributed representations of words and phrases and their compositionality},
  author={Mikolov, Tomas and Sutskever, Ilya and Chen, Kai and Corrado, Greg S and Dean, Jeff},
  booktitle={Advances in neural information processing systems},
  pages={3111--3119},
  year={2013}
}
@article{grauwin2011mapping,
  title={Mapping scientific institutions},
  author={Grauwin, Sebastian and Jensen, Pablo},
  journal={Scientometrics},
  volume={89},
  number={3},
  pages={943--954},
  year={2011},
  publisher={Akad{\'e}miai Kiad{\'o}, co-published with Springer Science+ Business Media BV~…}
}

@article{mclevey2017introducing,
  title={Introducing metaknowledge: Software for computational research in information science, network analysis, and science of science},
  author={McLevey, John and McIlroy-Young, Reid},
  journal={Journal of informetrics},
  volume={11},
  number={1},
  pages={176--197},
  year={2017},
  publisher={Elsevier}
}
@article{gagolewski2011bibliometric,
  title={Bibliometric impact assessment with R and the CITAN package},
  author={Gagolewski, Marek},
  journal={Journal of informetrics},
  volume={5},
  number={4},
  pages={678--692},
  year={2011},
  publisher={Elsevier}
}
@article{uddin2016sciento,
  title={A Sciento-text framework to characterize research strength of institutions at fine-grained thematic area level},
  author={Uddin, Ashraf and Bhoosreddy, Jaideep and Tiwari, Marisha and Singh, Vivek Kumar},
  journal={Scientometrics},
  volume={106},
  number={3},
  pages={1135--1150},
  year={2016},
  publisher={Springer}
}






@article{shin2007educational,
  title={When is educational specialization heterogeneity related to creativity in research and development teams? Transformational leadership as a moderator.},
  author={Shin, Shung J and Zhou, Jing},
  journal={Journal of applied Psychology},
  volume={92},
  number={6},
  pages={1709},
  year={2007},
  publisher={American Psychological Association}
}


@article{mueller2019building,
  title={The building blocks of creativity and new ideas},
  author={Mueller, Bernardo},
  journal={RAUSP Management Journal},
  volume={54},
  pages={242--246},
  year={2019},
  publisher={SciELO Brasil}
}

@misc{erren2017small,
  title={Small groups, open doors: Fostering individual and group creativity within research communities},
  author={Erren, Thomas C and Shaw, David M and Lewis, Philip},
  year={2017},
  publisher={Elsevier}
}
@article{falk2011mapping,
  title={Mapping a research agenda for the science of team science},
  author={Falk-Krzesinski, Holly J and Contractor, Noshir and Fiore, Stephen M and Hall, Kara L and Kane, Cathleen and Keyton, Joann and Klein, Julie Thompson and Spring, Bonnie and Stokols, Daniel and Trochim, William},
  journal={Research Evaluation},
  volume={20},
  number={2},
  pages={145--158},
  year={2011},
  publisher={Beech Tree Publishing}
}

@book{wang2021science,
  title={The science of science},
  author={Wang, Dashun and Barab{\'a}si, Albert-L{\'a}szl{\'o}},
  year={2021},
  publisher={Cambridge University Press}
}
@article{van2001language,
  title={Language biases in the coverage of the Science Citation Index and its consequencesfor international comparisons of national research performance},
  author={Van Leeuwen, Thed and Moed, Henk and Tijssen, Robert and Visser, Martijn and Van Raan, Anthony},
  journal={scientometrics},
  volume={51},
  number={1},
  pages={335--346},
  year={2001},
  publisher={Akad{\'e}miai Kiad{\'o}, co-published with Springer Science+ Business Media BV~…}
}
@article{wuchty2007increasing,
  title={The increasing dominance of teams in production of knowledge},
  author={Wuchty, Stefan and Jones, Benjamin F and Uzzi, Brian},
  journal={Science},
  volume={316},
  number={5827},
  pages={1036--1039},
  year={2007},
  publisher={American Association for the Advancement of Science}
}

@article{jones2009burden,
  title={The burden of knowledge and the “death of the renaissance man”: Is innovation getting harder?},
  author={Jones, Benjamin F},
  journal={The Review of Economic Studies},
  volume={76},
  number={1},
  pages={283--317},
  year={2009},
  publisher={Wiley-Blackwell}
}
@book{paulus2003group,
  title={Group creativity: Innovation through collaboration},
  author={Paulus, Paul B and Nijstad, Bernard A},
  year={2003},
  publisher={Oxford University Press}
}
@article{barabasi1999emergence,
  title={Emergence of scaling in random networks},
  author={Barab{\'a}si, Albert-L{\'a}szl{\'o} and Albert, R{\'e}ka},
  journal={science},
  volume={286},
  number={5439},
  pages={509--512},
  year={1999},
  publisher={American Association for the Advancement of Science}
}
@article{small1978cited,
  title={Cited documents as concept symbols},
  author={Small, Henry G},
  journal={Social studies of science},
  volume={8},
  number={3},
  pages={327--340},
  year={1978},
  publisher={Sage Publications Sage CA: Thousand Oaks, CA}
}
@article{solla1965,
author = {Derek J. de Solla Price },
title = {Networks of Scientific Papers},
journal = {Science},
volume = {149},
number = {3683},
pages = {510-515},
year = {1965},
doi = {10.1126/science.149.3683.510},
URL = {https://www.science.org/doi/abs/10.1126/science.149.3683.510},
eprint = {https://www.science.org/doi/pdf/10.1126/science.149.3683.510}
}
@article{uzzi2005collaboration,
  title={Collaboration and creativity: The small world problem},
  author={Uzzi, Brian and Spiro, Jarrett},
  journal={American journal of sociology},
  volume={111},
  number={2},
  pages={447--504},
  year={2005},
  publisher={The University of Chicago Press}
}
@article{bikard2015exploring,
  title={Exploring trade-offs in the organization of scientific work: Collaboration and scientific reward},
  author={Bikard, Micha{\"e}l and Murray, Fiona and Gans, Joshua S},
  journal={Management science},
  volume={61},
  number={7},
  pages={1473--1495},
  year={2015},
  publisher={INFORMS}
}
@article{paulus2013understanding,
  title={Understanding the group size effect in electronic brainstorming},
  author={Paulus, Paul B and Kohn, Nicholas W and Arditti, Lauren E and Korde, Runa M},
  journal={Small Group Research},
  volume={44},
  number={3},
  pages={332--352},
  year={2013},
  publisher={Sage Publications Sage CA: Los Angeles, CA}
}
@article{lakhani2013prize,
  title={Prize-based contests can provide solutions to computational biology problems},
  author={Lakhani, Karim R and Boudreau, Kevin J and Loh, Po-Ru and Backstrom, Lars and Baldwin, Carliss and Lonstein, Eric and Lydon, Mike and MacCormack, Alan and Arnaout, Ramy A and Guinan, Eva C},
  journal={Nature biotechnology},
  volume={31},
  number={2},
  pages={108--111},
  year={2013},
  publisher={Nature Publishing Group}
}
@book{christensen2003innovator,
  title={The innovator's dilemma: The revolutionary book that will change the way you do business},
  author={Christensen, Clayton M and Christensen, Clayton M},
  year={2003},
  publisher={HarperBusiness Essentials New York, NY}
}
@article{rawlings2011influence,
  title={Influence flows in the academy: Using affiliation networks to assess peer effects among researchers},
  author={Rawlings, Craig M and McFarland, Daniel A},
  journal={Social Science Research},
  volume={40},
  number={3},
  pages={1001--1017},
  year={2011},
  publisher={Elsevier}
}
@article{biscaro2014co,
  title={Co-authorship and bibliographic coupling network effects on citations},
  author={Biscaro, Claudio and Giupponi, Carlo},
  journal={PloS one},
  volume={9},
  number={6},
  pages={e99502},
  year={2014},
  publisher={Public Library of Science San Francisco, USA}
}
@article{blagus2015comparison,
  title={Comparison of bibliometric measures for assessing relative importance of researchers},
  author={Blagus, Rok and Lesko{\v{s}}ek, Brane L and Stare, Janez},
  journal={Scientometrics},
  volume={105},
  number={3},
  pages={1743--1762},
  year={2015},
  publisher={Springer}
}
@article{funk2017dynamic,
  title={A dynamic network measure of technological change},
  author={Funk, Russell J and Owen-Smith, Jason},
  journal={Management science},
  volume={63},
  number={3},
  pages={791--817},
  year={2017},
  publisher={INFORMS}
}
@article{adams2013fourth,
  title={The fourth age of research},
  author={Adams, Jonathan},
  journal={Nature},
  volume={497},
  number={7451},
  pages={557--560},
  year={2013},
  publisher={Nature Publishing Group}
}
@article{leahey2016sole,
  title={From sole investigator to team scientist: Trends in the practice and study of research collaboration},
  author={Leahey, Erin},
  journal={Annual review of sociology},
  volume={42},
  pages={81--100},
  year={2016},
  publisher={Annual Reviews}
}
@article{whitfield2008group,
  title={Group theory; What makes a successful team? John Whitfield looks at research that uses massive online databases and network analysis to come up with some rules of thumb for productive collaborations},
  author={Whitfield, John},
  journal={Nature},
  volume={455},
  number={7214},
  pages={720--724},
  year={2008},
  publisher={Nature Publishing Group}
}
@book{xie2012american,
  title={Is American science in decline?},
  author={Xie, Yu and Killewald, Alexandra A},
  year={2012},
  publisher={Harvard University Press}
}
@article{jones2008multi,
  title={Multi-university research teams: Shifting impact, geography, and stratification in science},
  author={Jones, Benjamin F and Wuchty, Stefan and Uzzi, Brian},
  journal={science},
  volume={322},
  number={5905},
  pages={1259--1262},
  year={2008},
  publisher={American Association for the Advancement of Science}
}
@article{butler2003explaining,
  title={Explaining Australia’s increased share of ISI publications—the effects of a funding formula based on publication counts},
  author={Butler, Linda},
  journal={Research policy},
  volume={32},
  number={1},
  pages={143--155},
  year={2003},
  publisher={Elsevier}
}

@article{shao2011outflow,
  title={The outflow of academic papers from China: why is it happening and can it be stemmed?},
  author={Shao, Jufang and Shen, Huiyun},
  year={2011}
}
@article{Hirsch_2005,
   title={An index to quantify an individual’s scientific research output},
   volume={102},
   ISSN={1091-6490},
   url={http://dx.doi.org/10.1073/pnas.0507655102},
   DOI={10.1073/pnas.0507655102},
   number={46},
   journal={Proceedings of the National Academy of Sciences},
   publisher={Proceedings of the National Academy of Sciences},
   author={Hirsch, J. E.},
   year={2005},
   month={Nov},
   pages={16569–16572}
}

@article{egghe2006theory,
  title={Theory and practise of the g-index},
  author={Egghe, Leo},
  journal={Scientometrics},
  volume={69},
  number={1},
  pages={131--152},
  year={2006},
  publisher={Citeseer}
}

@article{pritchard1969statistical,
  title={Statistical bibliography or bibliometrics},
  author={Pritchard, Alan and others},
  journal={Journal of documentation},
  volume={25},
  number={4},
  pages={348--349},
  year={1969},
  publisher={New York}
}

@article{moral2020software,
  title={Software tools for conducting bibliometric analysis in science: An up-to-date review},
  author={Moral Mu{\~n}oz, Jos{\'e} Antonio and Herrera Viedma, Enrique and Santisteban Espejo, Antonio and Cobo, Manuel J and others},
  year={2020},
  publisher={EPI SCP}
}
@article{leydesdorff2012scientometrics,
  title={Scientometrics},
  author={Leydesdorff, Loet and Milojevi{\'c}, Sta{\v{s}}a},
  journal={arXiv preprint arXiv:1208.4566},
  year={2012}
}
@article{rousseau2014,
author = {Rousseau, Ronald},
year = {2014},
month = {06},
pages = {218},
title = {Library science: Forgotten founder of bibliometrics},
volume = {510},
journal = {Nature},
doi = {10.1038/510218e}
}

@book{otlet1990traite,
  title={Traite de documentation: le livre sur le livre, theeorie et pratique},
  author={Otlet, Paul},
  year={1990},
  publisher={Editiones mundaneum}
}


@article{Linnenluecke2020,
author = {Martina K Linnenluecke and Mauricio Marrone and Abhay K Singh},
title ={Conducting systematic literature reviews and bibliometric analyses},
journal = {Australian Journal of Management},
volume = {45},
number = {2},
pages = {175-194},
year = {2020},
doi = {10.1177/0312896219877678},

URL = { 
        https://doi.org/10.1177/0312896219877678
    
},
eprint = { 
        https://doi.org/10.1177/0312896219877678
    
}
}


@article{Kurtz2011,
  author    = {Michael J. Kurtz and
               Johan Bollen},
  title     = {Usage Bibliometrics},
  journal   = {CoRR},
  volume    = {abs/1102.2891},
  year      = {2011},
  url       = {http://arxiv.org/abs/1102.2891},
  eprinttype = {arXiv},
  eprint    = {1102.2891},
  timestamp = {Tue, 17 Sep 2019 14:15:25 +0200},
  biburl    = {https://dblp.org/rec/journals/corr/abs-1102-2891.bib},
  bibsource = {dblp computer science bibliography, https://dblp.org}
}

@article{diem2013use,
  title={The use of bibliometrics to measure research performance in education sciences},
  author={Diem, Andrea and Wolter, Stefan C},
  journal={Research in higher education},
  volume={54},
  number={1},
  pages={86--114},
  year={2013},
  publisher={Springer}
}

@article{price1978editorial,
  title={Editorial statements},
  author={Price, D de S},
  journal={Scientometrics},
  volume={1},
  number={1},
  pages={3--8},
  year={1978}
}

@article{kim2018scientometrics,
  title={Scientometrics of Scientometrics: Mapping Historical Footprint and Emerging Technologies in Scientometrics},
  author={Kim, Meen Chul and Zhu, Yongjun},
  journal={Scientometrics},
  pages={9--27},
  year={2018},
  publisher={IntechOpen London}
}

@book{wolfram2003applied,
  title={Applied informetrics for information retrieval research},
  author={Wolfram, Dietmar},
  number={36},
  year={2003},
  publisher={Greenwood Publishing Group}
}

@article{bjorneborn2004toward,
  title={Toward a basic framework for webometrics},
  author={Bj{\"o}rneborn, Lennart and Ingwersen, Peter},
  journal={Journal of the American society for information science and technology},
  volume={55},
  number={14},
  pages={1216--1227},
  year={2004},
  publisher={Wiley Online Library}
}

@inproceedings{niu2015topic2vec,
  title={Topic2Vec: learning distributed representations of topics},
  author={Niu, Liqiang and Dai, Xinyu and Zhang, Jianbing and Chen, Jiajun},
  booktitle={2015 International conference on asian language processing (IALP)},
  pages={193--196},
  year={2015},
  organization={IEEE}
}

@article{hain2020text,
  title={Text-based technological signatures and similarities: how to create them and what to do with them},
  author={Hain, Daniel and Jurowetzki, Roman and Buchmann, Tobias and Wolf, Patrick},
  journal={arXiv preprint arXiv:2003.12303},
  year={2020}
}

@article{matsumoto2021introducing,
  title={Introducing a novelty indicator for scientific research: validating the knowledge-based combinatorial approach},
  author={Matsumoto, Kuniko and Shibayama, Sotaro and Kang, Byeongwoo and Igami, Masatsura},
  journal={Scientometrics},
  pages={1--25},
  year={2021},
  publisher={Springer}
}

@article{hicks2015bibliometrics,
  title={Bibliometrics: the Leiden Manifesto for research metrics},
  author={Hicks, Diana and Wouters, Paul and Waltman, Ludo and De Rijcke, Sarah and Rafols, Ismael},
  journal={Nature News},
  volume={520},
  number={7548},
  pages={429},
  year={2015}
}
@article{azoulay2011incentives,
  title={Incentives and creativity: evidence from the academic life sciences},
  author={Azoulay, Pierre and Graff Zivin, Joshua S and Manso, Gustavo},
  journal={The RAND Journal of Economics},
  volume={42},
  number={3},
  pages={527--554},
  year={2011},
  publisher={Wiley Online Library}
}

@article{fontana2020new,
  title={New and atypical combinations: An assessment of novelty and interdisciplinarity},
  author={Fontana, Magda and Iori, Martina and Montobbio, Fabio and Sinatra, Roberta},
  journal={Research Policy},
  volume={49},
  number={7},
  pages={104063},
  year={2020},
  publisher={Elsevier}
}

@article{trapido2015novelty,
  title={How novelty in knowledge earns recognition: The role of consistent identities},
  author={Trapido, Denis},
  journal={Research Policy},
  volume={44},
  number={8},
  pages={1488--1500},
  year={2015},
  publisher={Elsevier}
}

@article{simonton2003scientific,
  title={Scientific creativity as constrained stochastic behavior: the integration of product, person, and process perspectives.},
  author={Simonton, Dean Keith},
  journal={Psychological bulletin},
  volume={129},
  number={4},
  pages={475},
  year={2003},
  publisher={American Psychological Association}
}

@article{mednick1962associative,
  title={The associative basis of the creative process.},
  author={Mednick, Sarnoff},
  journal={Psychological review},
  volume={69},
  number={3},
  pages={220},
  year={1962},
  publisher={American Psychological Association}
}
@article{arthur2007structure,
  title={The structure of invention},
  author={Arthur, W Brian},
  journal={Research policy},
  volume={36},
  number={2},
  pages={274--287},
  year={2007},
  publisher={Elsevier}
}
@article{arts2021natural,
  title={Natural language processing to identify the creation and impact of new technologies in patent text: Code, data, and new measures},
  author={Arts, Sam and Hou, Jianan and Gomez, Juan Carlos},
  journal={Research Policy},
  volume={50},
  number={2},
  pages={104144},
  year={2021},
  publisher={Elsevier}
}
@article{balsmeier2018machine,
  title={Machine learning and natural language processing on the patent corpus: Data, tools, and new measures},
  author={Balsmeier, Benjamin and Assaf, Mohamad and Chesebro, Tyler and Fierro, Gabe and Johnson, Kevin and Johnson, Scott and Li, Guan-Cheng and L{\"u}ck, Sonja and O'Reagan, Doug and Yeh, Bill and others},
  journal={Journal of Economics \& Management Strategy},
  volume={27},
  number={3},
  pages={535--553},
  year={2018},
  publisher={Wiley Online Library}
}

@article{fortunato2018science,
  title={Science of science},
  author={Fortunato, Santo and Bergstrom, Carl T and B{\"o}rner, Katy and Evans, James A and Helbing, Dirk and Milojevi{\'c}, Sta{\v{s}}a and Petersen, Alexander M and Radicchi, Filippo and Sinatra, Roberta and Uzzi, Brian and others},
  journal={Science},
  volume={359},
  number={6379},
  year={2018},
  publisher={American Association for the Advancement of Science}
}

@article{larsen2010rate,
  title={The rate of growth in scientific publication and the decline in coverage provided by Science Citation Index},
  author={Larsen, Peder and Von Ins, Markus},
  journal={Scientometrics},
  volume={84},
  number={3},
  pages={575--603},
  year={2010},
  publisher={Akad{\'e}miai Kiad{\'o}, co-published with Springer Science+ Business Media BV~…}
}
@article{winter1982evolutionary,
  title={An evolutionary theory of economic change},
  author={Winter, Sidney G and Nelson, Richard R},
  journal={University of Illinois at Urbana-Champaign's Academy for Entrepreneurial Leadership Historical Research Reference in Entrepreneurship},
  year={1982}
}
@book{schumpeter1939business,
  title={Business cycles},
  author={Schumpeter, Joseph A and others},
  volume={1},
  year={1939},
  publisher={McGraw-Hill New York}
}
@article{henderson1990architectural,
  title={Architectural innovation: The reconfiguration of existing product technologies and the failure of established firms},
  author={Henderson, Rebecca M and Clark, Kim B},
  journal={Administrative science quarterly},
  pages={9--30},
  year={1990},
  publisher={JSTOR}
}
@article{jacob1977evolution,
  title={Evolution and tinkering},
  author={Jacob, Fran{\c{c}}ois},
  journal={Science},
  volume={196},
  number={4295},
  pages={1161--1166},
  year={1977},
  publisher={JSTOR}
}
@article{rodriguez2016research,
  title={Research assessment based on infrequent achievements: A comparison of the U nited S tates and E urope in terms of highly cited papers and N obel P rizes},
  author={Rodr{\'\i}guez-Navarro, Alonso},
  journal={Journal of the Association for Information Science and Technology},
  volume={67},
  number={3},
  pages={731--740},
  year={2016},
  publisher={Wiley Online Library}
}
@article{bornmann2019do,
  title={Do we measure novelty when we analyze unusual combinations of cited references? A validation study of bibliometric novelty indicators based on F1000Prime data},
  author={Bornmann, Lutz and Tekles, Alexander and Zhang, Helena H and Fred, Y Ye},
  journal={Journal of Informetrics},
  volume={13},
  number={4},
  pages={100979},
  year={2019},
  publisher={Elsevier}
}
@article{merton1957priorities,
  title={Priorities in scientific discovery: a chapter in the sociology of science},
  author={Merton, Robert K},
  journal={American sociological review},
  volume={22},
  number={6},
  pages={635--659},
  year={1957},
  publisher={JSTOR}
}
@article{partha1994toward,
  title={Toward a new economics of science},
  author={Partha, Dasgupta and David, Paul A},
  journal={Research policy},
  volume={23},
  number={5},
  pages={487--521},
  year={1994},
  publisher={Elsevier}
}

@incollection{hemlin2013leadership,
  title={Why is leadership important for creativity in science, technology, and innovation? Introduction},
  author={Hemlin, Sven and Allwood, Carl Martin and Martin, Ben R and Mumford, Michael D},
  booktitle={Creativity and leadership in science, technology, and innovation},
  pages={1--26},
  year={2013},
  publisher={Routledge}
}

@article{puccio2013creative,
  title={Creative Leadership 11},
  author={Puccio, G and Mance, Marie and Zacko-Smith, Jeffrey},
  journal={Creativity and Leadership in Science, Technology, and Innovation},
  volume={287},
  year={2013}
}

@article{fleming2001,
  title={Recombinant uncertainty in technological search},
  author={Fleming, Lee},
  journal={Management science},
  volume={47},
  number={1},
  pages={117--132},
  year={2001},
  publisher={INFORMS}
}

@article{ayoubi2019does,
  title={Does it pay to do novel science? The selectivity patterns in science funding},
  author={Ayoubi, Charles and Pezzoni, Michele and Visentin, Fabiana},
  journal={Science and Public Policy},
  year={2019}
}

@article{catalini2015incidence,
  title={The incidence and role of negative citations in science},
  author={Catalini, Christian and Lacetera, Nicola and Oettl, Alexander},
  journal={Proceedings of the National Academy of Sciences},
  volume={112},
  number={45},
  pages={13823--13826},
  year={2015},
  publisher={National Acad Sciences}
}
@article{pritchard1969statistical,
  title={Statistical bibliography or bibliometrics},
  author={Pritchard, Alan and others},
  journal={Journal of documentation},
  volume={25},
  number={4},
  pages={348--349},
  year={1969},
  publisher={New York}
}
@article{foster2015tradition,
  title={Tradition and innovation in scientists’ research strategies},
  author={Foster, Jacob G and Rzhetsky, Andrey and Evans, James A},
  journal={American Sociological Review},
  volume={80},
  number={5},
  pages={875--908},
  year={2015},
  publisher={Sage Publications Sage CA: Los Angeles, CA}
}

@article{carayol2019,
  title={The right job and the job right: Novelty, impact and journal stratification in science},
  author={Carayol, Nicolas and Agenor, Lahatte and Oscar, Llopis},
  journal={Impact and Journal Stratification in Science (March 5, 2019)},
  year={2019}
}

@article{weitzman1998recombinant,
  title={Recombinant growth},
  author={Weitzman, Martin L},
  journal={The Quarterly Journal of Economics},
  volume={113},
  number={2},
  pages={331--360},
  year={1998},
  publisher={MIT Press}
}
@article{bloom2020ideas,
  title={Are ideas getting harder to find?},
  author={Bloom, Nicholas and Jones, Charles I and Van Reenen, John and Webb, Michael},
  journal={American Economic Review},
  volume={110},
  number={4},
  pages={1104--44},
  year={2020}
}
@book{fleck2012genesis,
  title={Genesis and development of a scientific fact},
  author={Fleck, Ludwik},
  year={2012},
  publisher={University of Chicago Press}
}

@article{milojevic2015quantifying,
  title={Quantifying the cognitive extent of science},
  author={Milojevi{\'c}, Sta{\v{s}}a},
  journal={Journal of Informetrics},
  volume={9},
  number={4},
  pages={962--973},
  year={2015},
  publisher={Elsevier}
}

@article{funk2017dynamic,
  title={A dynamic network measure of technological change},
  author={Funk, Russell J and Owen-Smith, Jason},
  journal={Management science},
  volume={63},
  number={3},
  pages={791--817},
  year={2017},
  publisher={INFORMS}
}

@article{vincenti1990engineers,
  title={What engineers know and how they know it analytical studies from aeronautical History},
  author={Vincenti, Waler G},
  year={1990}
}

@article{argote1990persistence,
  title={The persistence and transfer of learning in industrial settings},
  author={Argote, Linda and Beckman, Sara L and Epple, Dennis},
  journal={Management science},
  volume={36},
  number={2},
  pages={140--154},
  year={1990},
  publisher={INFORMS}
}

@article{carayol2007sequential,
  title={Sequential problem choice and the reward system in Open Science},
  author={Carayol, Nicolas and Dalle, Jean-Michel},
  journal={Structural Change and Economic Dynamics},
  volume={18},
  number={2},
  pages={167--191},
  year={2007},
  publisher={Elsevier}
}

@article{trapido2015novelty,
  title={How novelty in knowledge earns recognition: The role of consistent identities},
  author={Trapido, Denis},
  journal={Research Policy},
  volume={44},
  number={8},
  pages={1488--1500},
  year={2015},
  publisher={Elsevier}
}

@article{boudreau2016looking,
  title={Looking across and looking beyond the knowledge frontier: Intellectual distance, novelty, and resource allocation in science},
  author={Boudreau, Kevin J and Guinan, Eva C and Lakhani, Karim R and Riedl, Christoph},
  journal={Management science},
  volume={62},
  number={10},
  pages={2765--2783},
  year={2016},
  publisher={INFORMS}
}

@book{nelson1985evolutionary,
  title={An evolutionary theory of economic change},
  author={Nelson, Richard R},
  year={1985},
  publisher={harvard university press}
}

@article{march1991exploration,
  title={Exploration and exploitation in organizational learning},
  author={March, James G},
  journal={Organization science},
  volume={2},
  number={1},
  pages={71--87},
  year={1991},
  publisher={INFORMS}
}

@article{waltman2016review,
  title={A review of the literature on citation impact indicators},
  author={Waltman, Ludo},
  journal={Journal of informetrics},
  volume={10},
  number={2},
  pages={365--391},
  year={2016},
  publisher={Elsevier}
}

@article{priem2015altmetrics,
  title={Altmetrics (Chapter from Beyond bibliometrics: Harnessing multidimensional indicators of scholarly impact)},
  author={Priem, Jason},
  journal={arXiv preprint arXiv:1507.01328},
  year={2015}
}
@article{kelchtermans2020off,
  title={Off the beaten path: What drives scientists’ entry into new fields?},
  author={Kelchtermans, Stijn and Neicu, Daniel and Veugelers, Reinhilde},
  journal={FEB Research Report MSI\_2008},
  pages={1--42},
  year={2020},
  publisher={KU Leuven-Faculty of Economics and Business}
}
@article{kumar2015co,
  title={Co-authorship networks: a review of the literature},
  author={Kumar, Sameer},
  journal={Aslib Journal of Information Management},
  year={2015},
  publisher={Emerald Group Publishing Limited}
}
@article{niu2016publication,
  title={Which publication is your representative work?},
  author={Niu, Qikai and Zhou, Jianlin and Zeng, An and Fan, Ying and Di, Zengru},
  journal={Journal of Informetrics},
  volume={10},
  number={3},
  pages={842--853},
  year={2016},
  publisher={Elsevier}
}
@inproceedings{kumar2017author,
  title={Author similarity identification using citation context and proximity},
  author={Kumar, Vasantha and Sendhilkumar, S and Mahalakshmi, GS},
  booktitle={2017 Second International Conference on Recent Trends and Challenges in Computational Models (ICRTCCM)},
  pages={217--221},
  year={2017},
  organization={IEEE}
}
@article{ayoubi2021does,
  title={Does it pay to do novel science? The selectivity patterns in science funding},
  author={Ayoubi, Charles and Pezzoni, Michele and Visentin, Fabiana},
  journal={Science and Public Policy},
  volume={48},
  number={5},
  pages={635--648},
  year={2021},
  publisher={Oxford University Press UK}
}
@article{taylor2006superman,
  title={Superman or the fantastic four? Knowledge combination and experience in innovative teams},
  author={Taylor, Alva and Greve, Henrich R},
  journal={Academy of management journal},
  volume={49},
  number={4},
  pages={723--740},
  year={2006},
  publisher={Academy of Management Briarcliff Manor, NY 10510}
}
@article{verma2020preprints,
  title={Preprints: a Timely Counterbalance for Big Data--Driven Research},
  author={Verma, Amol A and Detsky, Allan S},
  journal={Journal of general internal medicine},
  volume={35},
  number={7},
  pages={2179--2181},
  year={2020},
  publisher={Springer}
}

@article{nabavi2021preprint,
  title={Preprint manuscripts and servers in the era of coronavirus disease 2019},
  author={Nabavi Nouri, Shayan and Cohen, Yosef A and Madhavan, Mahesh V and Slomka, Piotr J and Iskandrian, Ami E and Einstein, Andrew J},
  journal={Journal of evaluation in clinical practice},
  volume={27},
  number={1},
  pages={16--21},
  year={2021},
  publisher={Wiley Online Library}
}
@article{liao2011improve,
  title={How to improve research quality? Examining the impacts of collaboration intensity and member diversity in collaboration networks},
  author={Liao, Chien Hsiang},
  journal={Scientometrics},
  volume={86},
  number={3},
  pages={747--761},
  year={2011},
  publisher={Akad{\'e}miai Kiad{\'o}, co-published with Springer Science+ Business Media BV~…}
}
@article{abramo2018comparison,
  title={A comparison of two approaches for measuring interdisciplinary research output: The disciplinary diversity of authors vs the disciplinary diversity of the reference list},
  author={Abramo, Giovanni and D’Angelo, Ciriaco Andrea and Zhang, Lin},
  journal={Journal of Informetrics},
  volume={12},
  number={4},
  pages={1182--1193},
  year={2018},
  publisher={Elsevier}
}
@article{abramo2019diversification,
  title={Diversification versus specialization in scientific research: Which strategy pays off?},
  author={Abramo, Giovanni and D'Angelo, Ciriaco Andrea and Di Costa, Flavia},
  journal={Technovation},
  volume={82},
  pages={51--57},
  year={2019},
  publisher={Elsevier}
}

@article{aviv2021publication,
  title={Publication patterns’ changes due to the COVID-19 pandemic: A longitudinal and short-term scientometric analysis},
  author={Aviv-Reuven, Shir and Rosenfeld, Ariel},
  journal={Scientometrics},
  pages={1--24},
  year={2021},
  publisher={Springer}
}

@article{homolak2020preliminary,
  title={Preliminary analysis of COVID-19 academic information patterns: a call for open science in the times of closed borders},
  author={Homolak, Jan and Kodvanj, Ivan and Virag, Davor},
  journal={Scientometrics},
  volume={124},
  number={3},
  pages={2687--2701},
  year={2020},
  publisher={Springer}
}

@article{da2018preprint,
  title={The preprint debate: What are the issues?},
  author={Da Silva, Jaime A Teixeira},
  journal={Medical Journal Armed Forces India},
  volume={74},
  number={2},
  pages={162--164},
  year={2018},
  publisher={Elsevier}
}

@article{schneider1973course,
  title={Course Modularization Applied: The Interface System and Its Implications For Sequence Control and Data Analysis.},
  author={Schneider, Edward W},
  year={1973},
  publisher={ERIC}
}
@article{mairesse2021impact,
  title={The Impact of Novelty in Scientific Articles: The Case of French Physicists},
  author={Mairesse, Jacques and Pezzoni, Michele and others},
  journal={Revue d'{\'e}conomie industrielle},
  volume={174},
  number={2e},
  year={2021},
  publisher={De Boeck Universit{\'e}}
}

@article{hogan2021knowledge,
  title={Knowledge graphs},
  author={Hogan, Aidan and Blomqvist, Eva and Cochez, Michael and d’Amato, Claudia and Melo, Gerard De and Gutierrez, Claudio and Kirrane, Sabrina and Gayo, Jos{\'e} Emilio Labra and Navigli, Roberto and Neumaier, Sebastian and others},
  journal={ACM Computing Surveys (CSUR)},
  volume={54},
  number={4},
  pages={1--37},
  year={2021},
  publisher={ACM New York, NY, USA}
}

@article{mingers2015review,
  title={A review of theory and practice in scientometrics},
  author={Mingers, John and Leydesdorff, Loet},
  journal={European journal of operational research},
  volume={246},
  number={1},
  pages={1--19},
  year={2015},
  publisher={Elsevier}
}

@article{purkayastha2019comparison,
  title={Comparison of two article-level, field-independent citation metrics: Field-Weighted Citation Impact (FWCI) and Relative Citation Ratio (RCR)},
  author={Purkayastha, Amrita and Palmaro, Eleonora and Falk-Krzesinski, Holly J and Baas, Jeroen},
  journal={Journal of Informetrics},
  volume={13},
  number={2},
  pages={635--642},
  year={2019},
  publisher={Elsevier}
}

@article{klinger2020narrowing,
  title={A narrowing of AI research?},
  author={Klinger, Joel and Mateos-Garcia, Juan and Stathoulopoulos, Konstantinos},
  journal={arXiv preprint arXiv:2009.10385},
  year={2020}
}

@techreport{amendola2014novelty,
  title={Novelty, Hysteresis, and Growth},
  author={Amendola, Mario and Gaffard, Jean-Luc and others},
  year={2014},
  institution={Observatoire Francais des Conjonctures Economiques (OFCE)}
}

@techreport{lin2021new,
  title={Where do new ideas come from: New directions in science emerge from disconnection and discord},
  author={Lin, Yiling},
  year={2021},
  institution={University of Chicago}
}

%%%%%%%%%%%%%%%%%%%%%%%%%%%%%%%%%%%%%%%%%%%%%%%%%%%%%%%%%%%%%%%%%%%%%%%%%%%%%%%%%%%%%%%%%%%%%%%%%%%%%%%%%%%%%%%%%%%%%%%%%%%%%%%%%%%%%%%%%%%%%%%%%%%%%%%%%%%%%%%%%%%%%%%%%%%%%%%%%%%%%%%%%%%%%%%%%%%%%%%%%%%%%%%%%%%%%%%%%%%%%%%%%%%%%%%%%%%%%%%%%%%%%%%%%%%%%%%%%%%%%%%%%%%%%% 

%% Chap4 %% 

@article{Arthur2017,
author = {Arthur, Brian},
journal = {McKinsey Quarterly},
number = {October},
pages = {1--12},
title = {{Where is technology taking the economy?}},
year = {2017}
}

@article{lecun2015deep,
  title={Deep learning},
  author={LeCun, Yann and Bengio, Yoshua and Hinton, Geoffrey},
  journal={Nature},
  volume={521},
  number={7553},
  pages={436},
  year={2015},
  publisher={Nature Publishing Group}
}

@techreport{Kaggle2017,
author = {Kaggle},
title = {{Kaggle ML and Data Science Survey, A big picture view of the state of data science and machine learning}},
year = {2017}
}

@book{geis2015semi,
author = {Geis, George T.},
doi = {10.1002/9781119015048},
isbn = {9781119015048},
pages = {45--104},
publisher = {John Wiley {\&} Sons},
title = {{Semi-Organic Growth: Tactics and Strategies Behind Google's Success}},
url = {http://doi.wiley.com/10.1002/9781119015048},
year = {2015}
}

@misc{CBInsight2017,
author = {{CB Insight}},
booktitle = {CB Insight},
title = {{The race For AI: Google, Twitter, Intel, Apple in a rush to grab artificial intelligence startups [blog]}},
url = {https://www.cbinsights.com/blog/top-acquirers-ai-startups-ma-timeline/},
year = {2017}
}

@article{Perkmann2009,
author = {Perkmann, Markus and Walsh, Kathryn},
doi = {10.1093/icc/dtp015},
isbn = {8778732859},
issn = {09606491},
journal = {Industrial and Corporate Change},
number = {6},
pages = {1033--1065},
pmid = {58535740},
title = {{The two faces of collaboration: Impacts of university-industry relations on public research}},
volume = {18},
year = {2009}
}

@article{Arza2010,
author = {Arza, Valeria},
doi = {10.3152/030234210X511990},
isbn = {0302-3427},
issn = {03023427},
journal = {Science and Public Policy},
number = {7},
pages = {473--484},
title = {{Channels, benefits and risks of public-private interactions for knowledge transfer: Conceptual framework inspired by Latin America}},
volume = {37},
year = {2010}
}

@article{Bekkers2008,
author = {Bekkers, Rudi and {Bodas Freitas}, Isabel Maria},
journal = {Research Policy},
number = {10},
pages = {1837--1853},
title = {{Analysing knowledge transfer channels between universities and industry: To what degree do sectors also matter?}},
volume = {37},
year = {2008}
}


@article{Sweeney:2013discrimination,
 author = {Sweeney, Latanya},
 title = {Discrimination in Online Ad Delivery},
 journal = {Queue},
 issue_date = {March 2013},
 volume = {11},
 number = {3},
 year = {2013},
 issn = {1542-7730},
 pages = {10:10--10:29},
 publisher = {ACM},
 address = {New York, NY, USA},
} 

@misc{Sample2017,
author = {Sample, Ian},
booktitle = {TheGuardian.com},
title = {{'We can't compete': why universities are losing their best AI scientists}},
url = {https://www.theguardian.com/science/2017/nov/01/cant-compete-universities-losing-best-ai-scientists},
year = {2017}
}

@inproceedings{Hajian:2016:algorythmic,
 author = {Hajian, Sara and Bonchi, Francesco and Castillo, Carlos},
 title = {Algorithmic Bias: From Discrimination Discovery to Fairness-aware Data Mining},
 booktitle = {Proceedings of the 22Nd ACM SIGKDD International Conference on Knowledge Discovery and Data Mining},
 series = {KDD '16},
 year = {2016},
 isbn = {978-1-4503-4232-2},
 location = {San Francisco, California, USA},
 pages = {2125--2126},
 numpages = {2},
 url = {http://doi.acm.org/10.1145/2939672.2945386},
 doi = {10.1145/2939672.2945386},
 acmid = {2945386},
 publisher = {ACM},
 address = {New York, NY, USA},
 keywords = {algorithmic bias, discrimination discovery, discrimination prevention},
} 

@inproceedings{shi2010leads,
  title={Who leads whom: Topical lead-lag analysis across corpora},
  author={Shi, Xiaolin and Nallapati, Ramesh and Leskovec, Jure and McFarland, Dan and Jurafsky, Dan},
  booktitle={NIPS Workshop},
  year={2010}
}

@book{goldfarb2019economics,
  title={The Economics of Artificial Intelligence: An Agenda},
  author={Goldfarb, Avi and Gans, Joshua and Agrawal, Ajay},
  year={2019},
  publisher={University of Chicago Press}
}

@techreport{trajtenberg2018ai,
  title={AI as the next GPT: a Political-Economy Perspective},
  author={Trajtenberg, Manuel},
  year={2018},
  institution={National Bureau of Economic Research}
}

@Article{einav2014economics,
  Title                    = {Economics in the age of big data},
  Author                   = {Einav, Liran and Levin, Jonathan},
  Journal                  = {Science},
  Year                     = {2014},
  Number                   = {6210},
  Pages                    = {1243089},
  Volume                   = {346},
  Publisher                = {American Association for the Advancement of Science},
}

@techreport{cockburn2018impact,
  title={The impact of artificial intelligence on innovation},
  author={Cockburn, Iain M and Henderson, Rebecca and Stern, Scott},
  year={2018},
  institution={National bureau of economic research}
}

@techreport{acemoglu2019wrong,
  title={The wrong kind of AI? Artificial intelligence and the future of labor demand},
  author={Acemoglu, Daron and Restrepo, Pascual},
  year={2019},
  institution={National Bureau of Economic Research}
}

@article{archibugi2018retreat,
  title={The retreat of public research and its adverse consequences on innovation},
  author={Archibugi, Daniele and Filippetti, Andrea},
  journal={Technological Forecasting and Social Change},
  volume={127},
  pages={97--111},
  year={2018},
  publisher={Elsevier}
}

@article{marcus2018deep,
  title={Deep learning: A critical appraisal},
  author={Marcus, Gary},
  journal={arXiv preprint arXiv:1801.00631},
  year={2018}
}

@book{brynjolfsson2014second,
  title={The second machine age: Work, progress, and prosperity in a time of brilliant technologies},
  author={Brynjolfsson, Erik and McAfee, Andrew},
  year={2014},
  publisher={WW Norton \& Company}
}

@book{brynjolfsson2011race,
  title={Race against the machine: How the digital revolution is accelerating innovation, driving productivity, and irreversibly transforming employment and the economy},
  author={Brynjolfsson, Erik and McAfee, Andrew},
  year={2011},
  publisher={Digital Frontier Press}
}

@book{russell2019human,
  title={Human compatible: Artificial intelligence and the problem of control},
  author={Russell, Stuart},
  year={2019},
  publisher={Penguin}
}

@article{marcus2020next,
  title={The Next Decade in AI: Four Steps Towards Robust Artificial Intelligence},
  author={Marcus, Gary},
  journal={arXiv preprint arXiv:2002.06177},
  year={2020}
}


@Article{bergstein2020AI,
  author  = {Bergstein, Brian},
  title   = {What AI still can't do},
  journal = {MIT Technology Review},
  year    = {2020},
  number  = {March/April},
}

@incollection{hain2017incremental,
  title={Incremental by Design? On the Role of Incumbents in Technology Niches},
  author={Hain, Daniel S and Jurowetzki, Roman},
  booktitle={Foundations of Economic Change},
  pages={299--332},
  year={2017},
  publisher={Springer}
}

@inproceedings{jurowetzki2014mapping,
  title={Mapping the (r-) evolution of technological fields--a semantic network approach},
  author={Jurowetzki, Roman and Hain, Daniel S},
  booktitle={International Conference on Social Informatics},
  pages={359--383},
  year={2014},
  organization={Springer}
}

@article{devlin2018bert,
  title={Bert: Pre-training of deep bidirectional transformers for language understanding},
  author={Devlin, Jacob and Chang, Ming-Wei and Lee, Kenton and Toutanova, Kristina},
  journal={arXiv preprint arXiv:1810.04805},
  year={2018}
}

@article{radford2019language,
  title={Language models are unsupervised multitask learners},
  author={Radford, Alec and Wu, Jeffrey and Child, Rewon and Luan, David and Amodei, Dario and Sutskever, Ilya},
  journal={OpenAI Blog},
  volume={1},
  number={8},
  pages={9},
  year={2019}
}


@Article{hao2020OpenAI,
  author  = {Hao, Karen},
  title   = {The messy, secretive reality behind OpenAI’s bid to save the world},
  journal = {MIT Technology Review},
  year    = {2020},
  volume  = {March/April},
}

@article{gofman2019artificial,
  title={Artificial Intelligence, Human Capital, and Innovation},
  author={Gofman, Michael and Jin, Zhao},
  journal={Human Capital, and Innovation (August 20, 2019)},
  year={2019}
}

@misc{zou2018ai,
  title={AI can be sexist and racist—it’s time to make it fair},
  author={Zou, James and Schiebinger, Londa},
  year={2018},
  publisher={Nature Publishing Group}
}

@article{wang2019review,
  title={A Review of Microsoft Academic Services for Science of Science Studies},
  author={Wang, Kuansan and Shen, Zhihong and Huang, Chi-Yuan and Wu, Chieh-Han and Eide, Darrin and Dong, Yuxiao and Qian, Junjie and Kanakia, Anshul and Chen, Alvin and Rogahn, Richard},
  journal={Frontiers in Big Data},
  volume={2},
  pages={45},
  year={2019},
  publisher={Frontiers}
}

@article{roach2010taste,
  title={A taste for science? PhD scientists’ academic orientation and self-selection into research careers in industry},
  author={Roach, Michael and Sauermann, Henry},
  journal={Research policy},
  volume={39},
  number={3},
  pages={422--434},
  year={2010},
  publisher={Elsevier}
}

@article{strubell2019energy,
  title={Energy and policy considerations for deep learning in NLP},
  author={Strubell, Emma and Ganesh, Ananya and McCallum, Andrew},
  journal={arXiv preprint arXiv:1906.02243},
  year={2019}
}

@inproceedings{mikolov2013distributed,
author = {Mikolov, Tomas and Sutskever, Ilya and Chen, Kai and Corrado, Greg S and Dean, Jeff},
booktitle = {Advances in neural information processing systems},
pages = {3111--3119},
title = {{Distributed representations of words and phrases and their compositionality}},
year = {2013}
}

@article{gallagher2017anchored,
  title={Anchored correlation explanation: Topic modeling with minimal domain knowledge},
  author={Gallagher, Ryan J and Reing, Kyle and Kale, David and Ver Steeg, Greg},
  journal={Transactions of the Association for Computational Linguistics},
  volume={5},
  pages={529--542},
  year={2017},
  publisher={MIT Press}
}


@article{sample_we_2017,
	title = {'{We} can't compete': why universities are losing their best {AI} scientists},
	url = {https://www.theguardian.com/science/2017/nov/01/cant-compete-universities-losing-best-ai-scientists},
	urldate = {2020-09-10},
	journal = {The Guardian},
	author = {Sample, Ian},
	month = nov,
	year = {2017},
	file = {'We can't compete'\: why universities are losing their best AI scientists | Science | The Guardian:/Users/jmateosgarcia/Zotero/storage/6G925U77/cant-compete-universities-losing-best-ai-scientists.html:text/html}
}

@article{acemoglu2002directed,
  title={Directed technical change},
  author={Acemoglu, Daron},
  journal={The Review of Economic Studies},
  volume={69},
  number={4},
  pages={781--809},
  year={2002},
  publisher={Wiley-Blackwell}
}

@book{murmann2003knowledge,
  title={Knowledge and competitive advantage: The coevolution of firms, technology, and national institutions},
  author={Murmann, Johann Peter},
  year={2003},
  publisher={Cambridge University Press}
}

@article{west2003experience,
  title={Experience, experimentation, and the accumulation of knowledge: the evolution of R\&D in the semiconductor industry},
  author={West, Jonathan and Iansiti, Marco},
  journal={Research Policy},
  volume={32},
  number={5},
  pages={809--825},
  year={2003},
  publisher={Elsevier}
}

@article{pavitt1984sectoral,
  title={Sectoral patterns of technical change: towards a taxonomy and a theory},
  author={Pavitt, Keith},
  journal={Technology, Management and Systems of Innovation},
  pages={15--45},
  year={1984}
}

@article{arora2020changing,
  title={The changing structure of American innovation: Some cautionary remarks for economic growth},
  author={Arora, Ashish and Belenzon, Sharon and Patacconi, Andrea and Suh, Jungkyu},
  journal={Innovation Policy and the Economy},
  volume={20},
  number={1},
  pages={39--93},
  year={2020},
  publisher={The University of Chicago Press Chicago, IL}
}

@article{gustafsson2011failure,
  title={A failure trichotomy in knowledge exploration and exploitation},
  author={Gustafsson, Robin and Autio, Erkko},
  journal={Research Policy},
  volume={40},
  number={6},
  pages={819--831},
  year={2011},
  publisher={Elsevier}
}

@article{david20038,
  title={8 Innovation and Europe’s academic institutions--second thoughts about embracing the Bayh--Dole regime},
  author={David, Paul A},
  journal={This page intentionally left blank},
  pages={251},
  year={2003}
}

@article{david2006property,
  title={Property and the Pursuit of Knowledge: IPR Issues Affecting Scientific Research.},
  author={David, Paul A and Hall, Bronwyn H},
  journal={Research Policy},
  volume={35},
  number={6},
  year={2006},
  publisher={Elsevier BV}
}

@article{berg2008asilomar,
  title={Asilomar 1975: DNA modification secured},
  author={Berg, Paul},
  journal={Nature},
  volume={455},
  number={7211},
  pages={290--291},
  year={2008},
  publisher={Nature Publishing Group}
}

@article{shen2018web,
  title={A Web-scale system for scientific knowledge exploration},
  author={Shen, Zhihong and Ma, Hao and Wang, Kuansan},
  journal={arXiv preprint arXiv:1805.12216},
  year={2018}
}

@article{klinger2018deep,
  title={Deep learning, deep change? Mapping the development of the Artificial Intelligence General Purpose Technology},
  author={Klinger, J and Mateos-Garcia, J and Stathoulopoulos, K},
  journal={arXiv preprint arXiv:1808.06355},
  year={2018}
}

@article{Klinger_2020,
   title={A Narrowing of AI Research?},
   ISSN={1556-5068},
   url={http://dx.doi.org/10.2139/ssrn.3698698},
   DOI={10.2139/ssrn.3698698},
   journal={SSRN Electronic Journal},
   publisher={Elsevier BV},
   author={Klinger, Joel and Mateos-Garcia, Juan C and Stathoulopoulos, Konstantinos},
   year={2020}
}

@article{thompson2020computational,
  title={The Computational Limits of Deep Learning},
  author={Thompson, Neil C and Greenewald, Kristjan and Lee, Keeheon and Manso, Gabriel F},
  journal={arXiv preprint arXiv:2007.05558},
  year={2020}
}

@article{clark2019regulatory,
  title={Regulatory Markets for AI Safety},
  author={Clark, Jack and Hadfield, Gillian K},
  journal={arXiv preprint arXiv:2001.00078},
  year={2019}
}


@misc{hao_2020,
    author = {Hao, Karen},
	title = {“{I} started crying”: {Inside} {Timnit} {Gebru}’s last days at {Google}},
	shorttitle = {“{I} started crying”},
	url = {https://www.technologyreview.com/2020/12/16/1014634/google-ai-ethics-lead-timnit-gebru-tells-story/},
	year={2020},
	abstract = {Two weeks after her forced exit, the AI ethics researcher reflects on her time at Google and the state of the AI field.},
	language = {en},
	urldate = {2020-12-21},
	journal = {MIT Technology Review},
	file = {Snapshot:/Users/jmateosgarcia/Zotero/storage/9CWZDLBX/google-ai-ethics-lead-timnit-gebru-tells-story.html:text/html}
}

@misc{ahmed2020dedemocratization,
    title={The De-democratization of AI: Deep Learning and the Compute Divide in Artificial Intelligence Research},
    author={Nur Ahmed and Muntasir Wahed},
    year={2020},
    eprint={2010.15581},
    archivePrefix={arXiv},
    primaryClass={cs.CY}
}

@misc{paullada2020data,
      title={Data and its (dis)contents: A survey of dataset development and use in machine learning research}, 
      author={Amandalynne Paullada and Inioluwa Deborah Raji and Emily M. Bender and Emily Denton and Alex Hanna},
      year={2020},
      eprint={2012.05345},
      archivePrefix={arXiv},
      primaryClass={cs.LG}
}

@article{d2020underspecification,
  title={Underspecification presents challenges for credibility in modern machine learning},
  author={D'Amour, Alexander and Heller, Katherine and Moldovan, Dan and Adlam, Ben and Alipanahi, Babak and Beutel, Alex and Chen, Christina and Deaton, Jonathan and Eisenstein, Jacob and Hoffman, Matthew D and others},
  journal={arXiv preprint arXiv:2011.03395},
  year={2020}
}

@article{bender2021,
  title={On the Dangers of Stochastic Parrots: Can Language Models Be Too Big?},
  author={Bender, Emily and Gebru, Timnit and McMillan-Major, Angelina and Schmitchell, Schmargaret},
  url={http://faculty.washington.edu/ebender/papers/Stochastic_Parrots.pdf},
  year={2021}
}

@article{bianchini2020deep,
  title={Deep Learning in Science},
  author={Bianchini, Stefano and M{\"u}ller, Moritz and Pelletier, Pierre},
  journal={arXiv preprint arXiv:2009.01575},
  year={2020}
}

@article{stathoulopoulos2019gender,
  title={Gender diversity in AI research},
  author={Stathoulopoulos, Konstantinos and Mateos-Garcia, Juan C},
  journal={Available at SSRN 3428240},
  year={2019}
}

@Article{newman2004best,
  Title                    = {Who is the best connected scientist? A study of scientific coauthorship networks},
  Author                   = {Newman, M.},
  Journal                  = {Complex networks},
  Year                     = {2004},
  Pages                    = {337--370}
}

@article{cox1972regression,
  title={Regression models and life-tables},
  author={Cox, David R},
  journal={Journal of the Royal Statistical Society: Series B (Methodological)},
  volume={34},
  number={2},
  pages={187--202},
  year={1972},
  publisher={Wiley Online Library}
}

@article{rock2019engineering,
  title={Engineering value: The returns to technological talent and investments in artificial intelligence},
  author={Rock, Daniel},
  journal={Available at SSRN 3427412},
  year={2019}
}

 @misc{allyn_2020, title={Google employees call Black Scientist's ouster 'unprecedented research censorship'}, url={https://www.npr.org/2020/12/03/942417780/google-employees-say-scientists-ouster-was-unprecedented-research-censorship}, journal={NPR}, publisher={NPR}, author={Allyn, Bobby}, year={2020}, month={Dec}} 

 @article{scao2022bloom,
  title={Bloom: A 176b-parameter open-access multilingual language model},
  author={Scao, Teven Le and Fan, Angela and Akiki, Christopher and Pavlick, Ellie and Ili{\'c}, Suzana and Hesslow, Daniel and Castagn{\'e}, Roman and Luccioni, Alexandra Sasha and Yvon, Fran{\c{c}}ois and Gall{\'e}, Matthias and others},
  journal={arXiv preprint arXiv:2211.05100},
  year={2022}
}

@article{ramesh2022hierarchical,
  title={Hierarchical text-conditional image generation with clip latents},
  author={Ramesh, Aditya and Dhariwal, Prafulla and Nichol, Alex and Chu, Casey and Chen, Mark},
  journal={arXiv preprint arXiv:2204.06125},
  year={2022}
}

@misc{rombach2021highresolution,
      title={High-Resolution Image Synthesis with Latent Diffusion Models}, 
      author={Robin Rombach and Andreas Blattmann and Dominik Lorenz and Patrick Esser and Björn Ommer},
      year={2021},
      eprint={2112.10752},
      archivePrefix={arXiv},
      primaryClass={cs.CV}
}

@inproceedings{birhane2022values,
  title={The values encoded in machine learning research},
  author={Birhane, Abeba and Kalluri, Pratyusha and Card, Dallas and Agnew, William and Dotan, Ravit and Bao, Michelle},
  booktitle={2022 ACM Conference on Fairness, Accountability, and Transparency},
  pages={173--184},
  year={2022}
}

@article{gofman2022artificial,
  title={Artificial Intelligence, Education, and Entrepreneurship},
  author={Gofman, Michael and Jin, Zhao},
  journal={Journal of Finance, Forthcoming},
  year={2022}
}

@article{akiki2022bigscience,
  title={BigScience: A Case Study in the Social Construction of a Multilingual Large Language Model},
  author={Akiki, Christopher and Pistilli, Giada and Mieskes, Margot and Gall{\'e}, Matthias and Wolf, Thomas and Ili{\'c}, Suzana and Jernite, Yacine},
  journal={arXiv preprint arXiv:2212.04960},
  year={2022}
}

@inproceedings{
laurencon2022the,
title={The BigScience {ROOTS} Corpus: A 1.6{TB} Composite Multilingual Dataset},
author={Hugo Lauren{\c{c}}on and Lucile Saulnier and Thomas Wang and Christopher Akiki and Albert Villanova del Moral and Teven Le Scao and Leandro Von Werra and Chenghao Mou and Eduardo Gonz{\'a}lez Ponferrada and Huu Nguyen and J{\"o}rg Frohberg and Mario {\v{S}}a{\v{s}}ko and Quentin Lhoest and Angelina McMillan-Major and G{\'e}rard Dupont and Stella Biderman and Anna Rogers and Loubna Ben allal and Francesco De Toni and Giada Pistilli and Olivier Nguyen and Somaieh Nikpoor and Maraim Masoud and Pierre Colombo and Javier de la Rosa and Paulo Villegas and Tristan Thrush and Shayne Longpre and Sebastian Nagel and Leon Weber and Manuel Romero Mu{\~n}oz and Jian Zhu and Daniel Van Strien and Zaid Alyafeai and Khalid Almubarak and Vu Minh Chien and Itziar Gonzalez-Dios and Aitor Soroa and Kyle Lo and Manan Dey and Pedro Ortiz Suarez and Aaron Gokaslan and Shamik Bose and David Ifeoluwa Adelani and Long Phan and Hieu Tran and Ian Yu and Suhas Pai and Jenny Chim and Violette Lepercq and Suzana Ilic and Margaret Mitchell and Sasha Luccioni and Yacine Jernite},
booktitle={Thirty-sixth Conference on Neural Information Processing Systems Datasets and Benchmarks Track},
year={2022},
url={https://openreview.net/forum?id=UoEw6KigkUn}
}

@misc{wiggers2022cohere,
  title={AI startup Cohere launches a nonprofit research lab},
  author={Wiggers, Kyle},
  year={2022},
  eprint={TechCrunch},
  month={June 14},
  url={https://techcrunch.com/2022/06/14/ai-startup-cohere-launches-a-nonprofit-research-lab/}
}


@inproceedings{Abdalla2021GreyHoodie,
author = {Abdalla, Mohamed and Abdalla, Moustafa},
title = {The Grey Hoodie Project: Big Tobacco, Big Tech, and the Threat on Academic Integrity},
year = {2021},
isbn = {9781450384735},
publisher = {Association for Computing Machinery},
address = {New York, NY, USA},
url = {https://doi.org/10.1145/3461702.3462563},
doi = {10.1145/3461702.3462563},
abstract = {As governmental bodies rely on academics' expert advice to shape policy regarding Artificial Intelligence, it is important that these academics not have conflicts of interests that may cloud or bias their judgement. Our work explores how Big Tech can actively distort the academic landscape to suit its needs. By comparing the well-studied actions of another industry (Big Tobacco) to the current actions of Big Tech we see similar strategies employed by both industries. These strategies enable either industry to sway and influence academic and public discourse. We examine the funding of academic research as a tool used by Big Tech to put forward a socially responsible public image, influence events hosted by and decisions made by funded universities, influence the research questions and plans of individual scientists, and discover receptive academics who can be leveraged. We demonstrate how Big Tech can affect academia from the institutional level down to individual researchers. Thus, we believe that it is vital, particularly for universities and other institutions of higher learning, to discuss the appropriateness and the tradeoffs of accepting funding from Big Tech, and what limitations or conditions should be put in place.},
booktitle = {Proceedings of the 2021 AAAI/ACM Conference on AI, Ethics, and Society},
pages = {287–297},
numpages = {11},
keywords = {conflicts of interest, research funding},
location = {Virtual Event, USA},
series = {AIES '21}
}

@misc{solaiman2023gradient,
    title={The Gradient of Generative AI Release: Methods and Considerations},
    author={Irene Solaiman},
    year={2023},
    eprint={2302.04844},
    archivePrefix={arXiv},
    primaryClass={cs.CY}
}

@misc{GenAI2023FTnews,
  title = {Generative AI should make haste slowly},
  author = {The Financial Times},
  year = {2023},
  month = {February 21},
  url = {https://www.ft.com/content/20bbc0c4-1b12-451e-aed8-fe8db3a4e7af},
}


@article{vaswani2017attention,
  title={Attention is all you need},
  author={Vaswani, Ashish and Shazeer, Noam and Parmar, Niki and Uszkoreit, Jakob and Jones, Llion and Gomez, Aidan N and Kaiser, {\L}ukasz and Polosukhin, Illia},
  journal={Advances in neural information processing systems},
  volume={30},
  year={2017}
}

@article{veale2021demystifying,
  title={Demystifying the Draft EU Artificial Intelligence Act—Analysing the good, the bad, and the unclear elements of the proposed approach},
  author={Veale, Michael and Zuiderveen Borgesius, Frederik},
  journal={Computer Law Review International},
  volume={22},
  number={4},
  pages={97--112},
  year={2021},
  publisher={Verlag Dr. Otto Schmidt}
}

%%%%%%%%%%%%%%%%%%%%%%%%%%%%%%%%%%%%%%%%%%%%%%%%%%%%%%%%%%%%%%%%%%%%%%%%%%%%%%%%%%%%%%%%%%%%%%%%%%%%%%%%%%%%%%%%%%%%%%%%%%%%%%%%%%%%%%%%%%%%%%%%%%%%%%%%%%%%%%%%%%%%%%%%%%%%%%%%%%%%%%%%%%%%%%%%%%%%%%%%%%%%%%%%%%%%%%%%%%%%%%%%%%%%%%%%%%%%%%%%%%%%%%%%%%%%%%%%%%%%%%%%%%%%%% 

%% Conclusions %% 